2092 3450
308 167 379 225 luia
399 165 500 221 &uaria
518 169 573 221 ant:
591 163 702 232 lisama

68 325 147 361 cum:
171 326 218 375 ego
240 317 324 360 autem
345 311 431 374 rogavi
452 325 498 374 pro
529 309 649 370 oratione,
674 316 700 359 et
726 309 832 358 venisset
854 308 887 358 ad
909 307 958 356 dis·

68 382 104 435 te,
121 382 151 426 ut
169 391 221 424 nou
240 374 340 425 deficiat
356 375 418 424 fides
437 382 498 424 tua:
529 375 631 450 cipulos
646 388 711 434 suos,
729 373 825 423 invenit
842 388 884 422 eos
901 373 957 421 dor·

67 446 134 490 ettu
148 439 283 504 aliquando
299 455 430 489 conversus
441 454 498 488 con·
528 444 632 489 mrentes
651 454 703 503 prae
725 438 830 487 tristitia
867 436 902 485 Et
923 437 958 486 ait

68 502 143 553 firma
158 504 245 553 fratres
267 511 330 554 tuos.
367 504 417 567 Qui
436 504 498 552 dixit
528 504 596 553 illis:
614 503 683 566 Quid
699 502 832 552 dormitis?
855 501 956 564 surgite,

69 569 114 618 ei:
142 568 260 628 Domine,
290 575 372 617 tecum
399 575 498 632 paratus
529 575 605 628 orate,
627 584 659 617 ne
678 567 774 616 intretis
794 567 822 615 in
843 565 958 615 tentatio·

68 648 126 681 sum
139 639 165 682 et
175 633 203 682 in
214 648 337 682 carcerem
349 639 374 681 et
389 631 417 681 in
433 648 498 681 mor·
529 648 594 682 nem.
630 631 723 680 Adhuc
732 630 893 695 eoloquente,
901 644 959 679 ecce

67 703 122 746 tem
140 697 182 747 ire.
218 698 256 746 At
274 697 415 746 illedixit:
433 697 498 746 Dico
528 697 614 746 turba:
631 703 656 745 et
667 695 710 761 qui
726 696 861 745 vocabatur
869 694 956 757 Judas,

66 760 124 820 tibi,
138 761 219 821 Petre,
238 777 289 811 non
305 761 415 810 cantabit
424 760 501 810 hodie
529 777 592 809 unus
603 761 635 810 de
646 760 785 821 duodecim,
796 759 958 808 antecedebat

66 825 157 888 gallus,
170 826 252 875 donec
262 833 299 875 ter
309 826 417 888 abneges
427 840 500 874 nosse
530 841 588 874 eos:
605 832 630 874 et
641 823 850 889 appropinquavit
859 823 919 886 Jesu
930 830 958 871 ut

67 905 118 939 me
156 890 257 940 Etdixit
265 889 314 940 eis:
327 890 434 953 Quando
443 889 500 938 misi
529 889 679 939 oscularetur
689 905 754 938 eum.
788 889 860 952 Jesus
875 894 957 936 autem

66 969 114 1003 vos
125 953 332 1013 siuesacculo,et
358 970 407 1014 era,
419 953 500 1003 etcal·
529 954 654 1002 dixitilli:
673 953 747 1017 Juda‚
762 953 847 1002 osculo
866 951 956 1000 Filium

67 1019 211 1079 coementis,
225 1019 329 1082 numqui
355 1018 448 1082 aliquid
457 1018 499 1067 de·
531 1017 650 1067 Hominis
685 1018 784 1066 tradis?
837 1015 957 1064 Videntes

66 1081 115 1131 fuit
130 1083 221 1132 vobis?
258 1084 295 1131 At
312 1083 348 1132 iili
367 1083 499 1131 dixerunt:
529 1082 647 1132 autemhi
658 1082 701 1146 qui
713 1082 778 1131 circa
785 1081 867 1144 ipsum
878 1086 955 1139 erant,

67 1146 150 1198 Nihil.
192 1147 263 1196 Dixit
286 1163 344 1210 ergo
368 1148 420 1196 eis:
448 1147 499 1196 Sed
530 1147 598 1210 quod
623 1146 732 1196 futurum
759 1153 819 1204 erat,
844 1144 956 1193 dixerunt

66 1226 143 1270 nunc,
157 1211 201 1276 qui
211 1211 287 1260 habet
300 1211 433 1269 sacculum,
452 1210 499 1260 tol·
529 1212 567 1260 ei:
589 1212 704 1270 Domine,
726 1210 748 1259 si
765 1209 915 1274 percutimus
930 1208 957 1257 in

65 1275 122 1336 lat,
138 1275 252 1325 similiter
262 1283 287 1324 et
301 1291 405 1340 peram:
421 1275 500 1339 etqui
527 1275 632 1338 gladio?
664 1276 698 1324 Et
713 1274 832 1339 percussit
848 1289 911 1322 unus
927 1287 957 1320 ex

66 1355 121 1388 non
151 1340 235 1401 habet,
265 1341 356 1389 vendat
389 1340 498 1389 tunicam
529 1340 578 1389 illis
596 1355 694 1389 servum
710 1338 828 1403 principis
845 1337 956 1386 sacerdo·

66 1419 148 1464 suam,
162 1411 187 1453 et
198 1411 264 1453 emat
278 1404 396 1468 gladium.
433 1404 498 1453 Dico
529 1412 590 1464 tum,
615 1411 640 1453 et
662 1403 799 1468 amputavit
820 1401 956 1450 auriculam

66 1468 223 1528 enimvobis,
234 1469 352 1532 quoniam
360 1469 498 1517 adhuchoc
529 1469 581 1532 ejus
611 1469 744 1517 dexteram.
794 1466 956 1530 Respondens

65 1533 137 1596 quod
149 1533 268 1597 scriptum
285 1541 329 1592 est,
343 1541 441 1596 oportet
451 1533 497 1581 im·
529 1541 611 1582 autem
626 1533 698 1646 {psus
715 1532 765 1582 ait:
783 1531 863 1581 Sinite
879 1546 956 1594 usque

65 1597 131 1661 pleri
149 1598 175 1646 in
194 1613 254 1646 me:
279 1598 386 1647 Etcum
407 1597 498 1661 iniquis
528 1597 583 1646 huc.
651 1606 661 1646 t
680 1613 737 1646 cum
756 1596 876 1660 tetigisset
892 1594 955 1642 auri-

66 1661 203 1725 deputatus
214 1668 257 1711 est
295 1662 395 1710 Etenim
406 1677 498 1725 eaquae
528 1662 609 1710 culam
617 1662 676 1725 ejus,
684 1660 780 1710 sanavit
788 1675 852 1709 eum.
885 1658 955 1706 Dixit

65 1732 125 1774 sunt
137 1725 170 1774 de
180 1742 221 1775 me
232 1724 307 1775 finem
323 1726 423 1775 habent.
461 1726 497 1774 At
528 1733 611 1775 autem
628 1726 701 1789 Jesus
720 1726 753 1774 ad
769 1740 812 1773 eos
828 1723 954 1788 quivene·

64 1789 241 1839 illidixerunt:
255 1791 371 1849 Domine,
382 1805 439 1840 ecce
447 1789 498 1838 duo
527 1797 582 1839 rant
599 1791 631 1838 ad
647 1806 681 1849 se,
700 1789 825 1865 principes
843 1787 955 1836 sacerdo·

64 1853 146 1917 gladii
166 1853 215 1904 hic
252 1855 288 1903 At
307 1854 426 1904 illedixit
445 1854 497 1903 eis:
528 1861 623 1903 tumet
641 1870 667 1902 m
709 1861 797 1902 stratus
817 1852 911 1915 templi,
931 1858 955 1900 et

66 1918 136 1968 Satis
147 1925 190 1968 est
228 1919 262 1967 Et
273 1935 383 1982 egressus
394 1919 446 1967 ibat
460 1934 497 1968 se·
527 1920 649 1968 seniores:
668 1870 756 1980 :guasi
778 1917 810 1966 ad
834 1916 955 1964 latronem

65 1982 177 2032 cundum
184 1983 386 2032 consuetudinem
392 1983 419 2031 in
426 1998 497 2031 mon·
526 1983 611 2032 existis
624 1999 680 2032 cum
690 1981 780 2046 gladiis
791 1989 816 2030 et
832 1980 957 2029 fustibus?

64 2055 119 2096 tem
147 2046 284 2097 Olivarum.
329 2048 414 2097 Secuti
440 2054 497 2096 sunt
528 2047 592 2096 Cum
603 2047 714 2111 quotidie
724 2046 853 2095 vobiscum
868 2044 955 2093 fuerim

64 2118 152 2160 autem
170 2111 242 2160 illum
261 2119 287 2160 et
305 2111 426 2175 discipuli
463 2111 497 2160 Et
527 2112 554 2160 in
565 2111 667 2175 templo,
681 2126 732 2160 non
743 2109 886 2159 extendistis
902 2124 954 2157 ma·

64 2191 125 2224 cum
135 2176 286 2239 pervenisset
294 2176 326 2224 ad
335 2176 425 2235 locum,
435 2175 497 2224 dixit
527 2192 573 2225 nus
592 2176 619 2225 in
634 2192 689 2225 me:
712 2175 757 2224 sed
770 2175 825 2223 haec
841 2181 878 2222 est
893 2172 955 2221 hora

64 2240 134 2288 illis:
153 2239 230 2289 Orate
241 2256 273 2289 ne
289 2241 384 2290 intretis
400 2241 427 2288 in
443 2247 496 2288 ten·
527 2248 615 2299 vestra,
629 2247 654 2288 et
665 2247 775 2304 potestas
786 2238 950 2287 tenebrarum.

64 2304 195 2353 tationem
233 2305 267 2354 Et
282 2305 336 2380 ipse
351 2304 449 2353 avulsus
461 2312 497 2353 est
529 2304 772 2369 Comprehendentes
789 2310 871 2351 autern
887 2317 951 2361 eum,

63 2369 99 2417 ab
110 2368 146 2418 eis
157 2376 278 2432 quantum
291 2378 372 2433 jactus
388 2376 425 2418 est
436 2369 497 2432 lapi·
527 2369 650 2418 duxerunt
666 2368 698 2416 ad
714 2368 817 2417 domum
836 2366 954 2431 principis

64 2433 125 2481 dis:
141 2433 266 2497 etpositis
281 2434 385 2496 genibus
399 2434 493 2492 orabat,
526 2434 695 2482 sacerdotum:
723 2433 810 2482 Petrus
831 2447 890 2480 vero
917 2445 954 2478 se·

65 2496 171 2546 diceus:
188 2497 270 2557 Pater,
290 2498 311 2547 si
328 2498 373 2557 vis,
392 2498 496 2546 transfer
526 2499 683 2562 quebatura
710 2497 791 2560 longe.
838 2496 954 2543 Accenso

66 2561 171 2610 calicem
190 2562 266 2610 istum
285 2577 300 2610 a
318 2564 377 2610 me?
399 2578 495 2610 verum·
526 2570 610 2611 autem
626 2563 684 2626 igne
697 2562 724 2610 in
743 2561 827 2610 medio
845 2559 910 2616 atrii,
929 2566 954 2606 et

65 2632 152 2674 tumen
170 2641 222 2674 nou
241 2642 298 2674 mea
316 2626 437 2685 voluntas,
451 2627 495 2675 scd
526 2627 759 2676 circumsedentibus
770 2625 826 2683 illis,
841 2629 893 2673 erat
908 2622 953 2670 Pe-

65 2695 110 2738 tua
128 2688 179 2739 fiat
216 2691 342 2754 Apparuit
359 2698 442 2739 autem
458 2691 495 2739 illi
525 2698 577 2740 trus
595 2691 621 2740 in
638 2691 722 2740 medio
742 2704 833 2738 eorum.
871 2686 953 2748 Quem

65 2753 170 2817 angelus
194 2754 226 2804 de
251 2754 323 2814 coelo,
353 2755 494 2804 confortans
526 2771 583 2804 cum
605 2755 706 2804 vidisset
728 2753 818 2803 ancilla
839 2750 954 2816 quaedam

65 2833 131 2867 cnm
177 2819 211 2867 Et
238 2818 317 2868 sactus
340 2819 368 2867 in
394 2819 491 2882 agonia,
526 2821 653 2869 sedentem
675 2819 707 2867 ad
734 2819 826 2875 lumen,
848 2822 873 2864 et
897 2829 954 2863 eum

64 2880 185 2945 prolixius
209 2884 304 2933 orabat.
352 2884 385 2932 Et
416 2883 495 2933 factus
526 2884 610 2933 suisset
631 2883 728 2941 intuita,
751 2881 829 2929 dixit:
856 2879 891 2927 Et
911 2878 954 2928 hic

64 2953 103 2996 est
130 2947 207 2996 sudor
234 2947 295 3010 eJ‘us,
327 2947 390 2996 sicut
417 2955 494 3011 guttae
526 2964 583 2997 cum
598 2948 643 2996 illo
659 2953 718 2996 erat.
754 2942 954 3006 Atillenegavit

64 3010 193 3074 sanguinis
220 3012 371 3061 decurrentis
397 3012 424 3061 in
447 3020 494 3061 ter·
525 3028 590 3071 eum,
604 3013 703 3061 dicens:
720 3009 819 3066 Mulier,
832 3006 954 3057 nonnoni

65 3090 126 3125 mm.
171 3075 204 3126 Et
226 3091 283 3126 cum
305 3076 446 3127 surrexisset
461 3078 494 3126 ab
525 3077 604 3126 illum.
645 3077 678 3124 Et
689 3081 746 3139 post
756 3072 876 3139 pusillum
891 3071 956 3121 ultus

131 3138 164 3200 69
