2092 3450
322 198 454 254 inimicita
472 198 537 258 lut.
554 204 613 269 ruat
630 203 808 272 Epiphaniam.

125 335 308 385 necessitatibus
324 344 464 386 sanctorum
481 353 548 387 com·
578 337 683 401 lapideae
715 337 809 400 hydriae
840 352 884 386 sex
915 338 1003 401 positae

125 401 296 449 rnunicantes:
355 401 549 464 hospitalitatem
578 403 713 451 secundum
739 401 936 466 purificationem
961 403 1003 466 Ju-

124 471 251 513 sectantes.
299 465 441 514 Benedicite
467 481 548 530 perse·
578 467 695 526 daeorum,
737 466 861 529 capientes
900 465 1003 530 singulae

123 528 254 589 quentibus
272 544 335 577 vos:
356 528 502 589 benedicite,
524 537 549 579 et
578 537 693 579 metretas
727 530 799 579 binas
835 528 876 578 vel
912 536 1000 579 ternas.

123 592 200 640 nolite
232 592 385 643 maledicere
435 592 549 643 Gaudere
579 593 648 643 Dicit
666 594 701 642 eis
722 595 813 658 Jesus:
835 592 942 657 Implete
961 594 1014 657 hys

124 671 180 703 curn
206 657 377 718 gaudentibus,
406 657 465 707 flere
492 673 548 706 curn
578 658 644 706 drias
671 673 741 721 aqua
780 658 813 706 Et
840 657 1004 721 impleverunt

123 719 255 769 flentibus:
298 721 406 784 idipsum
443 722 549 770 invicem
578 737 619 770 eas
646 737 723 785 usque
750 721 782 769 ad
804 736 935 770 summum.
972 721 1004 770 Et
1035 757 1042 767 ,

123 785 272 832 sentientes:
287 800 338 833 non
355 785 405 834 alta
415 786 545 849 sapientes,
578 785 638 834 dicit
654 787 689 835 eis
703 787 793 850 Jesus:
811 786 918 834 Haurite
927 795 1007 843 nunc,

124 847 167 895 sed
177 847 311 898 humilibus
323 851 508 899 consentientes.
578 856 603 898 et
622 849 683 899 ferte
704 849 876 898 architriclino.
914 849 948 898 Et
966 855 1006 914 tuf

577 913 664 962 lerunt.
713 914 749 964 Ut
781 921 865 962 autem
897 913 1004 977 gustavit

247 981 419 1049 fihangglium,
578 977 755 1027 architriclinus
793 992 884 1041 aquam
919 978 1004 1026 vinum

367 1081 382 1092 ..
577 1041 675 1101 factam,
698 1050 723 1091 et
744 1057 796 1091 non
817 1042 911 1090 sciebat
938 1042 1004 1090 unde

240 1080 265 1130 S·
278 1081 351 1145 lm·
366 1097 390 1130 ¹¹·
408 1093 428 1131 ¹·
577 1113 648 1164 esset,
668 1105 773 1155 ministri
793 1113 877 1154 autem
894 1104 1005 1154 sciebant

188 1167 263 1218 Tdie
280 1169 353 1218 tertia
367 1169 461 1233 nuptiae
476 1170 547 1218 factae
577 1170 620 1234 qui
646 1170 778 1218 hauserant
803 1185 902 1232 aquam,
932 1176 1004 1218 vocat

207 1240 264 1281 sunt
273 1233 299 1281 in
308 1233 378 1282 Cana
386 1233 511 1284 Galilaeae:
523 1241 547 1282 et
577 1249 695 1297 sponsum
711 1234 895 1292 architriclinus,
909 1239 934 1282 et
945 1234 1005 1283 dicit

123 1303 174 1344 erat
190 1305 268 1345 mater
282 1299 342 1360 Jesu
352 1297 394 1347 ibi.
438 1298 548 1347 Vocatus
578 1299 615 1346 ei:
625 1298 1003 1362 Omnishomoprimumbonum

123 1368 159 1408 est
171 1369 252 1409 autem
264 1370 289 1410 et
303 1363 381 1424 Jesus,
392 1369 417 1411 et
433 1362 548 1426 discipuli
577 1362 663 1410 vinum
673 1362 761 1426 ponit:
778 1370 802 1410 et
818 1377 875 1410 cum
890 1361 1004 1411 inebriati

123 1425 181 1487 ejus,
197 1425 227 1472 ad
239 1426 343 1488 nuptias.
376 1427 409 1474 Et
420 1425 548 1475 deficiente
577 1426 674 1484 fuerint,
688 1434 748 1474 tunc
763 1426 797 1485 id,
814 1426 881 1490 quod
898 1426 1004 1475 deterius

122 1490 187 1547 sino,
202 1489 261 1538 dicit
272 1497 351 1539 mater
362 1491 422 1554 Jesu
433 1491 465 1538 ad
476 1506 548 1539 eum:
578 1497 630 1539 est:
650 1498 678 1538 tu
694 1498 776 1538 autem
793 1490 893 1538 servasti
909 1490 1004 1539 bonum

123 1552 216 1600 Vinum
235 1569 285 1602 non
304 1554 402 1603 habent.
444 1555 477 1603 Et
488 1554 548 1603 dicit
577 1555 662 1602 vinum
673 1569 750 1618 usque
758 1554 845 1602 adhuc.
877 1554 937 1602 Hoc
947 1553 1004 1603 fecit

123 1618 145 1665 ei
155 1618 225 1679 Jesus
238 1636 243 1666 :
261 1618 329 1680 Quid
339 1619 401 1667 mihi
412 1625 436 1667 et
444 1619 490 1667 tibi
501 1625 545 1675 est,
576 1619 674 1666 initium
685 1619 811 1681 signorum
821 1618 892 1681 Jesus
900 1617 927 1666 in
935 1618 1004 1666 Cana

123 1681 229 1729 mulier?
254 1683 366 1730 nondum
392 1684 460 1731 venit
486 1683 548 1731 hora
578 1682 707 1730 Galilaeaet
727 1691 751 1731 et
770 1682 934 1730 manifestavit
951 1682 1003 1744 glo·

122 1761 184 1793 mea.
221 1746 289 1794 Dicit
305 1755 383 1795 mater
399 1747 451 1808 ejus
463 1746 547 1795 minis·
577 1747 640 1794 riam
659 1762 736 1804 suam,
759 1753 783 1795 et
804 1746 959 1794 crediderunt
978 1746 1003 1794 in

123 1810 182 1857 tris:
203 1809 384 1874 Quodcumque
399 1811 488 1859 dixerit
504 1827 547 1859 vo·
577 1826 635 1859 eum
645 1810 759 1874 discipuli
771 1810 829 1873 ejus.

123 1874 167 1933 bis,
193 1874 272 1922 facite.
310 1875 386 1922 Erant
412 1887 494 1924 autern
512 1874 547 1923 ibi

315 2016 445 2072 doninica
462 2016 546 2074 Μία
562 2019 619 2084 aust
635 2016 811 2086 Epiphaniam.

278 2143 378 2199 &rafim
578 2131 671 2205 malurn
697 2147 743 2194 pro
765 2130 832 2178 malo
855 2131 1002 2180 reddentes:

120 2226 430 2353 Onnum
457 2233 546 2297 sema·
578 2196 739 2308 utitur
753 2196 1003 2308 tritanu

210 2296 365 2370 temeplus’
379 2296 546 2372 infirmitatem
577 2323 692 2372 omnibus
714 2295 862 2371 hdminibus.
900 2323 929 2372 Si
950 2323 1001 2372 fien·

120 2366 229 2406 nostram
236 2368 356 2422 propitius
362 2376 463 2424 respice,
473 2368 547 2424 atque
576 2394 665 2450 potest,
680 2387 747 2450 quod
764 2402 794 2434 ex
804 2387 876 2435 vobis
888 2394 932 2447 est,
947 2403 1002 2436 cum

120 2422 146 2496 il
163 2423 277 2496 mnibus
293 2425 407 2498 pelleum
424 2434 448 2473 et
464 2441 546 2474 ωε·
577 2451 691 2499 omnibus
702 2450 843 2499 hominibus
859 2465 947 2513 pacem
960 2452 1003 2500 ha·

120 2488 232 2535 srtat1bus
254 2496 343 2536 nostras
364 2489 396 2536 ad
418 2497 546 2553 protegen·
575 2515 669 2563 δῶκε.
705 2515 765 2563 Non
781 2515 946 2578 vosmetipsos
961 2515 1004 2565 de,

120 2550 180 2597 dum
202 2566 248 2599 nos
269 2551 394 2600 dexteram
420 2560 469 2602 tuae
491 2554 546 2601 Ma·
576 2578 702 2627 rendentes
722 2579 864 2638 ansermi,
885 2579 929 2626 seu
946 2579 1004 2629 rate

118 2615 212 2676 jestatis
240 2617 350 2665 extende.
389 2617 436 2665 Per
461 2618 546 2681 Jesum
576 2643 730 2702 locumirae3
747 2643 1004 2706 scriptumesteffim

121 2679 246 2727 Chnstum
269 2681 405 2728 Dominum
424 2689 541 2731 nostrum.
577 2707 777 2766 Mihivindicta;
794 2707 1001 2819 {goretribum

120 2745 208 2792 Amen·
575 2770 635 2819 dicit
648 2771 776 2819 Dominus.
824 2771 1002 2820 edsiesurieril

271 2840 396 2907 3231'51013,
575 2833 688 2882 inimicus
707 2842 771 2892 tuus,
795 2835 851 2882 ciba
869 2834 959 2884 illum:
983 2837 1002 2884 si

212 2926 255 2973 Ad
267 2927 333 2975 Rom
355 2926 388 2973 xii
414 2925 442 2973 16
575 2899 633 2957 sitit,
647 2906 735 2962 potum
751 2899 784 2946 da
800 2898 855 2958 illi,
872 2899 920 2948 hoc
937 2901 1004 2948 enim

334 2963 339 2974 ’
389 2962 395 2974 ’
444 2962 449 2974 ’
575 2962 674 3021 faciens,
685 2964 803 3011 carbones
812 2963 876 3026 ignis
885 2978 1004 3027 congeres

185 3024 294 3073 OLITE
326 3041 377 3073 esse
412 3025 544 3088 prudentes
574 3041 648 3089 super
658 3027 801 3090 caputejus.
839 3027 900 3076 Noli
911 3028 1004 3078 vincia

206 3090 272 3152 apud
284 3089 446 3152 vosmetipsos
459 3107 465 3138 τ
481 3090 543 3138 nulli
574 3090 648 3152 malo,
660 3092 703 3140 sed
710 3091 781 3140 vince
790 3091 890 3140 inbono
898 3093 1000 3142 malum.

175 3166 210 3211 44
