2092 3450
344 111 416 170 ictis
434 111 551 168 ictuata
567 114 622 167 auti
639 109 747 178 &arrha

114 254 156 301 sed
168 253 235 317 quod
252 260 286 302 tu.
323 253 356 301 Et
370 251 445 311 venit,
461 259 485 300 et
501 252 537 301 in·
567 252 640 300 Tunc
646 251 761 316 discipuli
768 251 819 314 ejus
828 252 995 317 relinquentes

114 319 181 366 venit
200 333 243 367 eos
261 317 417 365 dormientes.
454 317 487 364 Et
504 317 539 365 ait
568 328 740 374 enimomnes
761 316 882 380 fugerunt.
924 317 994 366 Ado·

115 383 208 430 Petro:
230 381 325 439 Simon,
350 380 462 430 dormis?
487 396 539 429 non
567 380 661 429 lescens
682 388 765 429 autem
787 381 889 455 quidam
908 395 994 445 seque·

133 445 217 494 otuisti
246 461 296 493 una
327 445 388 493 hora
420 444 540 506 vigilare?
567 445 640 493 batur
667 460 723 493 eum
754 452 858 493 amictus
889 445 995 494 sindone

114 462 223 572 iugitate
230 516 254 557 et
262 515 337 567 orate,
347 517 374 557 ut
382 524 434 557 nou
444 509 539 557 intretis
568 523 642 572 super
649 509 734 557 nudo:
750 516 775 557 et
786 515 917 558 tenuerunt
926 525 991 558 eum.

114 573 313 622 intentationem.
326 572 431 636 Spiritus
438 573 539 636 quidem
568 573 605 621 At
615 572 658 621 ille
674 572 764 635 rejecta
779 573 892 632 sindone,
913 573 994 622 nudus

115 644 243 701 promptus
250 644 294 694 est,
302 651 424 685 carovero
431 636 535 685 infirma.
586 636 676 699 rofugit
687 637 770 686 abeis.
797 637 831 685 Et
839 637 996 686 adduxerunt

116 703 149 749 Et
166 702 255 749 itemm
273 700 358 749 abiens
376 701 462 760 oravit,
480 716 539 749 eun·
567 652 995 764 iesumadsummumsacerdotem:

115 766 172 813 dem
199 780 337 814 sermonem
366 765 458 814 dicens.
506 765 540 813 Et
569 772 594 813 et
616 772 782 813 convenerunt
805 780 891 814 omnes
916 780 995 814 sacer-

115 844 230 887 reversus,
260 829 343 877 denuo
373 829 466 877 invenit
498 844 540 877 eos
568 828 647 887 dotes,
669 836 694 878 et
713 829 806 888 scribae,
829 837 854 878 et
876 829 991 878 seniores

116 893 264 941 dormientes
287 894 365 952 (erant
387 893 453 941 enirn
475 893 540 941 oculi
570 893 656 941 Petrus
673 899 756 941 autem
773 908 789 941 a
807 893 881 956 louge
897 899 996 942 secutus

115 973 200 1005 eorum
217 958 329 1020 gravati),
351 964 375 1005 et
392 956 540 1020 ignorabant
569 963 606 1005 est
617 972 674 1005 eum
690 973 767 1021 usque
783 957 848 1005 intro
865 957 891 1005 in
904 957 996 1005 atrium

115 1021 175 1085 quid
187 1021 361 1084 responderent
370 1021 399 1071 ei.
431 1021 465 1069 Et
472 1021 539 1069 venit
569 1021 659 1069 summi
680 1021 831 1070 sacerdotis:
850 1028 875 1070 et
893 1021 995 1070 sedebat

115 1085 195 1144 tertio,
220 1094 245 1134 et
272 1086 307 1133 ait
330 1085 398 1134 illis:
426 1085 540 1133 Dormite
570 1100 626 1133 cum
653 1084 768 1134 ministris
793 1085 825 1133 ad
852 1084 943 1148 ignem,
970 1093 997 1133 et

113 1148 173 1211 jam,
195 1156 219 1197 et
241 1149 389 1212 requiescite.
427 1148 539 1199 Sufficit:
569 1149 727 1197 calefaciebat
745 1165 778 1198 se.
820 1148 917 1198 Summi
936 1164 995 1198 vero

115 1213 182 1261 venit
193 1213 270 1262 hora:
287 1229 344 1262 ecce
356 1212 433 1261 Filius
450 1213 539 1261 Homi·
569 1213 715 1273 sacerdotes,
730 1221 754 1261 et
765 1229 839 1261 omne
851 1212 992 1270 concilium,

116 1278 154 1324 nis
176 1277 285 1325 tradetur
302 1278 328 1325 in
347 1293 434 1326 manus
453 1293 539 1341 pecca·
569 1277 711 1340 quaerebant
722 1277 838 1326 adversus
847 1277 934 1340 Jesum
947 1283 994 1326 tes·

116 1349 203 1389 torum.
241 1341 347 1404 Surgite‚
367 1356 467 1402 eamus;
483 1357 540 1390 ecce
570 1341 708 1400 timonium,
730 1348 758 1389 ut
777 1357 834 1389 eum
852 1341 927 1390 morti
946 1347 994 1389 tra·

116 1406 158 1468 qui
170 1421 209 1453 me
220 1406 308 1464 tradet,
322 1420 400 1469 prope
416 1411 459 1454 est
497 1405 537 1465 Et,
570 1405 662 1464 derent‚
670 1420 717 1454 nec
725 1404 890 1455 inveniebant.
919 1405 995 1454 Multi

116 1470 197 1518 adhue
208 1485 238 1517 eo
249 1469 372 1533 loquente,
385 1469 452 1518 venit
463 1470 540 1532 Judas
570 1470 636 1517 enim
647 1469 814 1518 testimonium
828 1469 918 1517 salsum
929 1469 994 1518 dice·

117 1534 254 1594 Iscariotes,
268 1549 331 1582 unus
350 1534 382 1581 de
399 1533 537 1592 duodecim,
569 1533 630 1582 bant
653 1534 768 1582 adversus
790 1548 864 1581 eum:
889 1540 914 1581 et
937 1548 994 1582 con·

116 1606 141 1646 et
180 1613 236 1646 cum
274 1613 304 1646 eo
342 1598 414 1646 turba
452 1598 537 1656 multa,
569 1598 692 1646 venientia
703 1597 843 1646 testimonia
854 1605 990 1646 nouerant.

117 1678 173 1709 curn
195 1663 282 1724 gladiis
302 1669 326 1710 et
345 1662 418 1725 lignis
438 1677 454 1709 a
475 1676 539 1709 sum·
570 1662 603 1709 Et
625 1662 726 1724 quidam
748 1669 881 1724 surgentes,
906 1661 995 1710 salsum

116 1727 163 1774 mis
190 1726 364 1785 sacerdotibus,
392 1732 417 1774 et
444 1726 537 1784 scribis,
569 1726 737 1774 testimonium
753 1725 864 1774 serebant
880 1725 995 1774 adversus

116 1798 140 1838 et
157 1791 299 1840 senioribus.
336 1790 444 1838 Dederat
458 1797 540 1838 autem
570 1805 634 1848 eum,
655 1791 782 1838 dicentes:
808 1790 933 1852 Quoniam
950 1805 994 1837 nos

116 1856 219 1902 traditor
240 1854 292 1916 ejus
314 1855 411 1917 signum
433 1854 475 1913 eis,
503 1855 540 1901 di·
569 1854 707 1902 audivimus
718 1869 774 1902 eum
783 1854 923 1902 dicentem:
940 1854 994 1916 Ego

116 1934 191 1966 cens:
215 1918 401 1981 Quemcumque
418 1918 540 1966 osculatus
569 1918 702 1966 dissolvam
718 1918 838 1981 templum
854 1918 904 1966 hoc
920 1933 994 1966 manu

116 1983 192 2039 suero,
221 1982 274 2045 ipse
301 1989 345 2040 est,
370 1989 451 2030 tenete
473 1998 537 2040 eum,
569 1982 669 2041 factum,
692 1989 716 2030 et
736 1998 781 2046 per
799 1982 909 2030 triduum
928 1981 994 2030 aliud

116 2055 140 2094 et
174 2047 256 2095 ducite
288 2055 365 2094 caute.
417 2047 450 2094 Et
484 2062 540 2094 cum
570 2062 620 2094 non
642 2062 717 2094 manu
739 2047 830 2095 sactum
855 2045 990 2095 aedificabo.

116 2111 229 2168 venisset,
254 2111 336 2158 statim
361 2111 480 2159 accedens
507 2111 539 2158 ad
570 2111 603 2158 Et
623 2126 674 2158 non
693 2118 744 2159 erat
764 2111 912 2159 conveniens
929 2110 993 2159 testi·

116 2191 179 2231 eurn,
190 2175 225 2221 ait
237 2191 243 2222 ι
260 2175 316 2222 Ave
328 2175 421 2223 Rabbi:
434 2183 458 2223 et
469 2190 539 2223 oscu·
569 2175 680 2223 monium
689 2175 794 2223 illorum.
824 2175 857 2223 Et
864 2189 994 2238 exsurgens

116 2239 179 2286 latus
190 2246 227 2286 est
245 2253 307 2287 eum.
344 2239 380 2286 At
398 2239 434 2286 illi
452 2254 539 2286 manus
569 2255 678 2287 summus
698 2239 811 2287 sacerdos
830 2239 856 2287 in
874 2239 991 2296 medium,

116 2302 361 2363 injeceruntinenm,
374 2311 398 2351 et
410 2310 540 2351 tenuerunt
569 2303 728 2365 interrogavit
759 2303 852 2366 Jesum,
888 2303 993 2352 dicens:

117 2383 179 2414 eurn.
217 2366 288 2415 Unus
299 2375 381 2414 autem
392 2367 493 2430 quidam
508 2367 539 2415 de
570 2367 630 2416 Non
639 2367 771 2430 respondes
780 2368 915 2431 quidquam
925 2367 993 2415 adea

116 2430 327 2478 circumstantibus
355 2431 461 2479 educens
487 2431 538 2493 gla·
569 2447 625 2494 quae
644 2432 690 2479 tibi
712 2431 861 2494 objiciuntur
882 2431 915 2479 ab
936 2431 994 2478 his?

115 2495 191 2552 dium,
206 2495 324 2558 percussit
339 2509 435 2543 servum
450 2495 539 2542 summi
570 2495 617 2543 ille
644 2502 727 2543 autem
754 2496 859 2555 tacebat,
883 2502 909 2543 et
932 2492 994 2543 nihil

115 2559 256 2617 sacerdotis,
288 2567 312 2606 et
339 2559 475 2622 amputavit
502 2559 539 2606 illi
569 2560 701 2621 respondit.
750 2559 858 2607 Rursum
883 2573 992 2607 summus

115 2623 255 2671 auriculam.
293 2623 326 2670 Et
338 2624 487 2686 respondens
497 2623 538 2685 Je·
568 2624 681 2671 sacerdos
700 2623 867 2686 interrogabat
884 2639 948 2682 eum,
969 2628 993 2670 et

115 2703 163 2745 sus,
178 2688 212 2735 ait
228 2687 294 2735 illis:
311 2687 440 2749 Tanquam
458 2687 490 2734 ad
503 2687 538 2735 la·
568 2688 630 2735 dixit
642 2688 681 2735 ei:
698 2687 738 2735 Tu
752 2703 778 2735 es
790 2687 902 2736 Christus
915 2687 992 2734 Filius

115 2760 209 2799 tronem
232 2751 314 2800 existis
335 2767 389 2799 curn
409 2751 497 2812 gladiis
514 2759 538 2799 et
569 2751 617 2799 Dei
636 2751 781 2799 Benedicti?
819 2752 891 2814 Jesus
911 2759 992 2799 autem

115 2816 187 2877 lignis
194 2816 400 2878 comprehendere
407 2817 465 2863 me?
478 2830 537 2878 quo·
568 2815 630 2863 dixit
648 2815 703 2863 illi:
720 2816 776 2878 Ego
795 2831 869 2864 sum:
886 2821 910 2864 et
925 2815 990 2863 vide·

114 2880 174 2927 tidie
186 2895 252 2927 eram
268 2880 335 2942 apud
348 2894 392 2927 vos
408 2879 538 2941 intemplo
567 2879 625 2927 bitis
637 2879 729 2927 Filium
737 2880 854 2927 Hominis
866 2879 991 2927 sedentem

114 2943 213 3001 docens,
238 2951 263 2991 et
285 2959 336 2991 non
354 2958 395 2991 me
416 2943 534 2991 tenuistis.
567 2958 583 2989 a
602 2943 693 2991 dextris
711 2944 807 2991 virtutis
827 2943 884 3001 Dei,
907 2950 932 2992 et
950 2958 991 2990 ve·

116 3007 166 3055 Sed
183 3014 210 3054 ut
227 3006 375 3070 impleantur
395 3006 533 3070 Scripturae.
567 3007 676 3055 nientem
703 3022 760 3056 cum
789 3007 896 3056 nubibus
924 3006 987 3056 coeli.

178 3070 210 3129 64
