2092 3450
198 540 300 618 droa
327 537 513 636 erptiam
539 536 784 635 tetrardorum

107 784 264 836 PUBLICE
284 784 323 833 1N
344 782 519 834 ECCLESIA
541 778 851 831 ADMINISTRANDI.

52 970 233 1017 idmonendus
261 979 297 1018 est
321 969 436 1032 populus,
464 970 621 1032 Baptismum
649 969 881 1017 convenientissime
905 971 928 1016 in

78 1035 222 1082 Dominicis
240 1043 337 1083 tanturn
349 1036 452 1096 aliisque
465 1035 553 1092 Pestis,
569 1035 669 1098 quando
682 1035 811 1081 hominum
823 1034 929 1097 plurima

79 1109 116 1146 est
130 1101 276 1163 frequentia,
292 1102 473 1155 administrari;
492 1109 544 1147 tum
557 1110 582 1146 ut
596 1101 702 1162 populus
715 1100 748 1145 ibi
767 1108 930 1162 congregatus

78 1167 222 1227 neophytos
240 1167 351 1213 societati
371 1165 488 1212 Ecclesiae
504 1166 597 1213 Christi
610 1174 785 1213 annumeratos
797 1180 850 1212 esse
862 1166 928 1212 testi·

78 1231 174 1287 ficetur,
199 1241 251 1278 tum
272 1233 337 1294 (pria,
358 1232 418 1277 dum
440 1232 596 1291 baptizantur
613 1230 717 1291 parvuli,
739 1231 763 1276 in
781 1229 927 1277 memoriam

77 1296 211 1357 cujuslibet
230 1299 352 1343 adstantis
372 1295 492 1358 professio
513 1296 556 1342 ilia
577 1296 673 1341 facilius
696 1303 832 1352 revocatur,
853 1310 928 1357 quam

78 1363 133 1424 ipse
152 1377 236 1408 coram
256 1362 311 1409 Deo
329 1362 353 1408 in
371 1377 416 1408 sno
437 1362 566 1422 Baptismo
586 1361 650 1408 tecit.
696 1360 779 1420 Quam
800 1360 875 1408 etiam
896 1360 928 1406 ob

77 1442 180 1473 causam
202 1428 303 1489 expedit
324 1428 479 1489 Itaptismum
500 1426 593 1488 vulgari
614 1441 727 1473 sermone
751 1425 925 1472 administrari.

78 1494 210 1550 Attamen,
225 1494 245 1538 si
258 1493 283 1538 id
296 1493 427 1539 necessitas
440 1493 555 1553 requirat,
570 1491 686 1554 parvulos
698 1490 810 1552 quolibet
822 1491 871 1537 aiio
889 1490 929 1536 die

76 1558 206 1619 baptizare
217 1558 281 1604 licet.

51 1646 77 1693 it
99 1655 168 1704 nota,
196 1648 262 1710 quod
286 1662 331 1709 pro
355 1662 504 1708 unoquoque
528 1646 638 1693 masculo
662 1643 754 1691 infante
777 1645 927 1707 baptizando

76 1728 179 1759 necesse
192 1720 228 1759 est
241 1713 322 1758 adsint
335 1712 385 1759 duo
399 1712 492 1759 l'atrini
505 1720 529 1758 et
545 1727 594 1758 nna
612 1711 740 1757 Matrina:
762 1725 808 1771 pro
825 1710 928 1757 foemina

76 1785 169 1835 autem,
185 1793 248 1824 unus
262 1778 376 1824 Petrinus
388 1784 411 1824 et
424 1777 539 1824 Matrinae
551 1777 614 1823 duze.

51 1869 110 1916 Jurn
123 1869 231 1916 infantes
243 1868 386 1930 baptizandi
398 1876 462 1925 sunt,
477 1867 503 1913 id
516 1867 629 1914 Parocho
643 1867 752 1913 indicent
765 1873 878 1928 parentes
887 1866 927 1913 vel

76 1943 152 1983 nocte
163 1935 322 1997 preeccdenti,
337 1934 376 1980 vel
389 1949 462 1979 mane
474 1942 531 1978 ante
546 1932 656 1994 inceptas
674 1946 760 1993 preces
778 1931 922 1978 Matutinas.

75 2001 150 2048 Tunc
171 2009 255 2047 autem
276 2000 307 2044 ad
330 1999 435 2045 Fontem
459 1999 537 2059 parati
561 1997 647 2044 adesse
669 1997 760 2043 debent
784 1996 878 2043 Patrini
902 2005 925 2043 et

75 2067 204 2122 Madiane,
219 2072 242 2112 et
255 2064 297 2110 alii
310 2079 365 2110 cum
378 2063 495 2125 parvulis
510 2063 592 2109 statim
611 2068 667 2123 post
685 2061 818 2108 secundam
836 2061 874 2108 vel
893 2062 924 2108 ad

75 2133 216 2179 Matutinas
234 2128 272 2175 vel
290 2130 322 2175 ad
340 2129 463 2189 Vesperas
480 2128 620 2183 lectionem,
642 2134 714 2188 prout
737 2125 861 2173 l’arochus
881 2142 925 2173 suo

75 2197 180 2243 arbitrio
193 2195 336 2242 decreverit.
375 2195 407 2240 Et
421 2194 542 2241 Sacerdos
552 2192 672 2239 accedens
681 2192 713 2238 ad
724 2192 839 2249 Fontem,
851 2207 923 2254 quem

75 2275 135 2310 tunc
148 2277 214 2323 aqua
226 2275 288 2321 pura
299 2259 396 2320 impleri
409 2265 515 2320 oportet,
528 2265 552 2305 et
564 2258 598 2305 ibi
611 2257 719 2314 adstans,
734 2257 815 2303 dicat:

80 2395 190 2446 ΑΜΝΕ
209 2395 348 2459 baptizatus
369 2400 405 2444 est
424 2392 466 2443 hic
498 2392 583 2442 Nemo
639 2396 686 2440 test
707 2387 808 2438 introire
828 2387 854 2436 in
873 2402 926 2450 reg·

50 2399 73 2548 J
113 2461 204 2520 intans,
217 2461 330 2508 annon?
359 2507 361 2511 ,
498 2471 559 2505 num
622 2455 652 2515 ei,
690 2453 738 2502 nisi
771 2459 927 2515 regeneratus

61 2573 65 2582 .
500 2520 580 2580 tuerit,
599 2526 624 2570 et
643 2525 742 2568 renatus
764 2531 794 2565 ex
816 2530 881 2579 aqua
902 2521 927 2562 et

50 2575 68 2620 ἐι
80 2569 269 2633 respondebunt
281 2585 331 2616 non
344 2585 396 2617 esse
407 2570 466 2631 bap·
502 2585 596 2650 spirim
618 2584 728 2634 gamm
750 2581 852 2629 obsecro
871 2593 923 2637 vos,

72 2638 338 2710 ‘mmstumpsssssai
348 2635 468 2684 Sacefdffi
500 2657 528 2699 ut
539 2649 658 2699 invocetis
675 2648 758 2696 Deum
774 2644 871 2693 Patrem
882 2657 927 2706 per

72 2703 153 2749 verbis
166 2701 334 2761 sequentibus.
501 2713 639 2763 Dominum
685 2718 797 2759 „ostrum
840 2707 926 2770 Jesum

108 2779 468 2843 ILECTISSIMLquoniam
501 2779 635 2836 Christum,
649 2783 676 2825 ut
692 2789 738 2838 pro
753 2771 926 2846 largitatemi·

121 2859 210 2895 omnes
216 2843 329 2893 homines
336 2844 469 2908 inpeccato
500 2842 638 2892 sericordiae
654 2855 705 2890 suae
721 2837 779 2886 huic
794 2835 882 2885 intanti
899 2835 925 2884 rd

50 2910 215 2975 nncipiuntur
235 2915 261 2958 et
281 2915 421 2967 nascuntur,
443 2915 468 2957 et
500 2906 620 2956 concedat
628 2899 927 2969 quodexnaturahabere

49 2975 156 3088 ialvatgr
167 2978 254 3023 noster
269 2971 381 3022 Christro
397 2972 465 3033 dicit,
501 2971 605 3036 nequit:
632 2967 733 3026 scilicet,
757 2972 784 3014 ut
811 2980 876 3030 aqua
901 2975 925 3014 et

108 3051 118 3088 ¹
139 3049 155 3102 3
