2092 3450
81 133 190 183 naara.
268 123 269 126 ’
468 134 577 207 {aalma
835 157 900 205 aa,

81 306 83 313 ⁴
111 295 144 349 In
169 297 259 362 laqueo
292 312 336 346 suo
364 296 504 345 humiliabit
568 295 692 345 Dominus
713 295 740 344 in
761 296 858 360 templo
880 312 900 346 sa

80 378 136 412 eum
157 362 311 411 :inclinabit
332 377 365 421 se,
387 369 411 410 et
434 362 505 411 cadet
535 375 580 409 suo
600 377 607 409 ι
628 360 751 410 Dominus
768 361 795 409 in
811 361 900 411 coelos

62 434 136 476 'cum
158 427 298 476 dominatus
319 425 391 475 fuerit
412 441 504 490 paupe·
536 424 594 488 ejus.

80 508 140 540 rum.
569 487 643 538 Oculi
651 487 900 553 ejusinpauperemr

113 555 184 604 Dixit
205 554 271 604 enim
297 553 323 602 in
345 553 420 603 corde
441 569 504 613 suo;
537 554 604 601 ciunt
624 571 631 601 z
650 554 775 617 palpebrae
793 553 846 617 ejus
863 554 900 602 int

81 620 179 669 Oblitus
196 626 233 668 est
250 619 319 667 Deus
339 636 345 667 :
366 618 453 667 avertit
469 619 503 666 fa·
536 625 596 680 gant
607 617 671 666 filios
681 618 820 667 hominum.

10 733 12 736 ,
80 684 143 732 ciem
154 699 224 733 suam
235 699 266 731 ne
277 682 490 731 videatinfinem.
569 682 692 730 Dominus
713 683 850 745 interrogat
872 681 901 746 ju

112 748 230 811 Exsurge,
249 748 358 796 Domine
374 747 450 805 Deus,
465 763 505 795 ex·
537 753 561 794 et
578 746 682 809 impium
703 764 709 795 :
726 747 768 809 qui
785 754 870 795 autem
886 748 900 795 d

80 811 168 861 altetur
179 828 266 860 manus
277 819 320 860 tua
340 829 346 860 ι
363 827 395 860 ne
406 811 505 860 oblivis·
536 811 699 873 iniquitatem,
707 810 760 858 odit
768 810 878 858 animam
886 826 900 860 s·

80 877 141 925 caris
152 892 295 939 pauperum.
383 887 385 894 ⁴
570 874 642 922 Pluet
663 890 736 938 super
761 882 900 938 peccatores

112 941 217 1004 Propter
227 941 287 1006 quid
301 940 405 989 irritavit
415 938 506 1003 impius
537 953 614 1001 queos
636 956 642 986 r
665 939 735 1002 ignis,
758 946 783 987 et
804 939 900 1002 sulphu:

81 1004 183 1053 Deum?
209 1005 272 1054 dixit
293 1005 360 1054 enim
384 1005 410 1053 in
432 1005 506 1053 corde
537 1003 636 1065 spiritus
653 1003 824 1066 procellarum,
839 1019 898 1068 pars

79 1085 132 1128 suo,
147 1070 206 1118 Non
217 1070 329 1135 requiret.
538 1067 572 1116 cis
584 1082 675 1116 eorum.

112 1134 204 1194 Vides;
220 1135 338 1198 quoniam
353 1141 380 1182 tu
394 1133 505 1183 laborem
571 1131 695 1193 Quoniam
709 1130 788 1194 justus
805 1131 900 1180 Domin

80 1205 104 1247 et
116 1199 227 1247 dolorem
239 1199 377 1248 consideras
396 1216 402 1246 :
419 1205 446 1246 ut
458 1204 505 1246 tra-
534 1195 641 1257 justitias
674 1195 760 1244 dilexit
787 1212 794 1244 ε
822 1197 900 1260 aequit

79 1263 124 1312 das
135 1279 178 1312 eos
189 1264 215 1311 in
225 1279 312 1311 manus
323 1269 383 1312 tuas.
537 1260 599 1308 vidit
610 1261 691 1309 vultus
703 1260 762 1323 ejus.

112 1328 171 1376 Tibi
187 1327 317 1376 derelictus
333 1336 369 1376 est
384 1341 479 1391 pauper
498 1343 505 1374 ε

79 1392 191 1456 orphano
204 1392 289 1440 tueris
300 1391 403 1454 adjutor.
575 1394 643 1442 Dias
656 1394 692 1443 ΙΙ.
729 1391 769 1447 Ἢ
782 1390 900 1458 Ὴτὸμετω

113 1456 219 1505 Contere
230 1456 358 1504 brachium
369 1454 504 1519 peccatoris

80 1527 104 1569 et
111 1520 213 1583 maligni
228 1527 368 1584 :quaeretur
375 1527 504 1583 peccatum
645 1497 774 1545 Psarnns
792 1496 856 1547 ΧΠ·

79 1585 151 1644 illius,
166 1591 190 1632 et
202 1600 252 1632 non
263 1585 406 1632 invenietur.
592 1586 723 1636 ALVUM
734 1602 775 1634 me
786 1586 832 1646 sae,
845 1587 900 1635 Dor

113 1649 234 1696 Dominus
257 1649 369 1711 regnabit
389 1649 415 1696 in
435 1655 504 1696 aeter-
614 1651 900 1714 quoniamdeiecitsanc

80 1730 147 1770 num,
169 1720 193 1761 et
215 1713 241 1761 in
260 1713 376 1761 saeculum
395 1713 478 1762 saeculi
499 1732 505 1761 :
536 1715 653 1779 quoniam
676 1716 803 1763 diminutae
826 1724 883 1764 sunt

80 1777 190 1841 peribitis
200 1785 285 1839 gentes
297 1778 328 1825 de
340 1786 403 1825 terra
414 1778 486 1826 illius.
537 1788 599 1828 tates
611 1796 625 1828 a
636 1780 692 1827 filiis
704 1780 840 1828 hominum.

113 1843 268 1890 Desiderium
285 1858 421 1905 pauperum
432 1858 504 1890 exau·
569 1845 642 1892 Vana
650 1844 788 1892 locutisunt
796 1844 900 1907 unusqui

80 1907 141 1954 divit
149 1907 270 1954 Dominus
283 1907 505 1970 :praeparationem
537 1909 568 1955 ad
580 1908 719 1971 proximum
731 1924 802 1956 suum
820 1927 826 1956 :
843 1909 900 1956 labi:

80 1971 160 2019 cordis
172 1987 256 2018 eorum
268 1972 361 2019 audivit
376 1971 500 2034 auris-tua.
536 1974 599 2033 losa,
616 1973 642 2020 in
662 1973 735 2021 corde
755 1982 779 2020 et
796 1974 871 2021 corde
889 1974 898 2021 l

110 2035 225 2097 Judicare
241 2035 337 2098 pupillo
354 2043 379 2084 et
394 2035 481 2083 humili
499 2052 505 2082 t
537 2047 599 2085 sunt.

79 2107 106 2147 ut
129 2115 178 2147 non
198 2107 307 2162 apponat
325 2100 389 2148 ultra
410 2100 504 2162 magni·
570 2101 703 2164 Disperdat
717 2100 841 2148 Dominus
852 2101 900 2148 uni*

80 2164 152 2212 ficare
163 2179 189 2212 se
199 2164 275 2212 homo
287 2180 360 2228 super
370 2171 468 2212 terram.
536 2166 603 2213 labia
612 2166 698 2213 dolosa
717 2182 723 2213 t
741 2174 765 2212 et
777 2166 900 2228 linguam]

537 2232 588 2278 nilo
607 2246 671 2277 uam.

194 2269 323 2317 PSALMUS
341 2269 389 2318 XI·
571 2246 621 2355 Qiri
637 2295 758 2351 dixerunt,
773 2293 898 2356 Linguam

82 2355 144 2479 IN
168 2360 278 2406 Domino
300 2359 398 2406 confido
419 2375 426 2406 τ
445 2374 505 2421 quo·
538 2366 600 2406 tram
627 2357 841 2421 magnificabimus
867 2376 873 2407 ε

150 2424 226 2471 modo
237 2424 317 2471 dicitis
332 2423 422 2472 animae
433 2438 502 2480 meae,
538 2431 620 2471 nostra
629 2438 644 2470 a
652 2423 723 2470 nobis
735 2431 791 2469 sunt
798 2439 804 2482 ;
818 2423 873 2486 quis
882 2439 899 2471 n

80 2489 238 2551 Transmigra
264 2488 290 2535 in
311 2495 422 2535 montem
444 2488 506 2536 sicut
539 2488 661 2535 Dominus
673 2489 727 2535 est?

80 2555 181 2617 passer?
572 2553 674 2614 Propter
682 2551 805 2598 miseriam
818 2550 900 2614 inopur

113 2617 237 2680 Quoniam
250 2632 306 2664 eece
317 2623 457 2680 peccatores
469 2615 505 2664 in·
538 2616 656 2679 gemitum
668 2631 804 2678 pauperum
825 2633 830 2663 :
848 2632 898 2663 nun

80 2685 210 2731 tenderunt
232 2697 331 2740 arcum3
357 2688 503 2744 paraverunt
536 2696 642 2743 surgam,
657 2681 716 2727 dicit
729 2680 859 2727 Dominus.

80 2748 180 2810 sagittas
196 2761 252 2794 suas
272 2747 297 2794 in
317 2745 431 2809 pharetra
451 2762 457 2793 τ
477 2754 503 2792 ut
570 2746 665 2792 Ponam
677 2745 702 2791 in
714 2744 814 2791 salutari
827 2763 833 2792 ι
846 2744 898 2793 fidu

80 2813 196 2875 sagittent
229 2811 255 2858 in
288 2811 392 2859 obscuro
425 2817 504 2857 rectos
537 2816 575 2857 ter
586 2824 657 2872 agam
669 2809 694 2855 in
707 2824 743 2856 eo.

80 2877 160 2925 corde.
571 2873 677 2936 Eloquia
714 2873 826 2931 Domini,
867 2873 900 2921 el<

114 2940 238 3002 Quoniam
255 2955 309 3002 quae
327 2938 448 3002 perfecisti
463 2938 505 2985 de·
538 2946 619 2996 casta;
644 2945 771 2999 argentum
794 2937 852 2999 igne
874 2953 900 2985 er

81 3012 217 3052 struxerunt
237 3004 337 3066 :justus
352 3012 434 3052 autem
446 3003 505 3066 quid
538 3011 623 3050 natum
643 3020 648 3049 :
666 3003 797 3064 probatum
814 3010 894 3061 terrae,

81 3070 155 3118 iecit?
537 3075 622 3130 gatum
633 3066 780 3130 septuplum.

141 3147 192 3183 220
