2092 3450
407 187 460 241 ha
477 183 644 241 barrimontis.

78 313 205 378 quasdam,
221 329 288 362 cure
300 314 422 362 consuetis
434 314 588 363 Caerimoniis
599 314 654 364 aliae
666 315 822 378 abrogentur,
837 313 892 363 aliae
903 327 962 361 vero

77 385 258 435 conserventur,
272 379 353 426 visum
363 386 400 426 est
411 379 563 442 subjungere.

109 444 271 506 Abrogantur
280 442 412 501 nonnullae,
427 444 485 506 quia
495 444 572 491 nimia
583 459 667 492 earum
683 443 817 491 multitudo
829 442 855 491 in
867 449 962 490 tantum

79 507 118 555 his
129 508 155 555 in
172 506 267 555 saeculis
283 507 459 570 posterioribus
476 509 606 567 concrevit,
620 515 647 555 ut
659 508 728 556 oneri
740 508 805 555 sacta
815 507 848 556 sit
863 506 964 554 intoler-

77 571 144 619 abili.
189 571 230 619 De
247 571 336 634 quibus
353 571 381 619 B.
402 572 554 634 Augustinus
571 572 631 620 olim
648 572 850 635 conquerebatur,
871 586 913 619 eas
938 569 963 616 in

78 642 174 683 tantum
190 642 274 683 auctas
290 650 343 683 esse
359 651 496 694 numerum,
515 643 542 684 ut
556 634 609 698 jam
633 636 786 684 tolerabilior
801 641 865 684 esset
879 635 964 699 Judae-

78 715 148 747 orum
160 699 270 747 conditio
282 714 356 762 quam
367 700 453 763 populi
466 700 606 749 Christiani.
644 700 719 762 Quod
747 700 832 748 uidem
841 699 928 762 jugum
940 705 965 745 et

78 779 141 812 onus
155 772 183 811 ut
194 763 324 827 paullatim
340 763 465 812 tolleretur
481 765 584 823 monuit,
598 771 672 828 prout
688 715 792 813 facilus
808 764 961 812 tribueretur.

78 828 147 890 Quid
159 835 244 876 autem
255 827 361 876 Sanctus
372 827 414 876 ille
424 828 533 877 dicturus
544 836 615 886 esset,
629 828 650 876 si
662 828 824 877 Caerimonias
841 828 910 891 apud
919 840 965 873 nos

77 907 157 955 nuper
167 892 269 939 usitatas
284 892 393 950 vidisset,
407 892 495 956 quibus
512 893 610 940 illarum
626 901 679 941 turn
696 893 814 956 temporis
830 891 965 954 vigentium

78 956 212 1004 multitudo
224 972 274 1005 non
286 963 323 1004 est
333 957 518 1019 comparanda?

112 1021 171 1068 Hoc
196 1020 299 1067 nimium
322 1021 388 1083 apud
412 1035 458 1068 nos
484 1019 686 1068 Caerimoniarum
711 1020 889 1068 incrementum
914 1033 965 1068 tam

78 1086 166 1146 ingens
176 1092 235 1143 erat,
251 1092 275 1132 et
284 1099 368 1131 earum
385 1084 523 1147 complures
540 1085 574 1131 ita
591 1085 709 1142 obscurae,
728 1093 756 1133 ut
774 1084 866 1133 Christi
891 1084 965 1132 bene·

78 1149 135 1196 ficia
152 1149 177 1195 in
194 1163 239 1196 nos
256 1147 346 1196 collata
362 1149 469 1196 tenebris
492 1148 582 1210 saepius
598 1148 732 1207 involvere,
751 1164 827 1211 quam
850 1148 922 1197 nobis
939 1148 965 1196 in

79 1214 160 1261 lucem
172 1212 280 1275 prolerre
290 1212 436 1260 viderentur.
474 1212 603 1271 Praeterea,
617 1228 668 1260 non
680 1229 710 1260 ex
723 1212 887 1271 Caerimoniis,
901 1213 965 1260 sicut

80 1292 171 1339 magna
182 1283 291 1339 exparte
307 1277 360 1324 Lex
371 1275 489 1335 Mosaica,
504 1283 601 1325 constat
618 1276 710 1325 Christi
723 1277 887 1339 Evangelium
900 1295 905 1324 2
923 1277 966 1324 sed

80 1341 167 1404 religio
178 1347 222 1399 est,
236 1341 262 1388 in
273 1356 322 1403 qua
332 1356 382 1388 non
394 1341 420 1388 in
431 1340 563 1404 figurarum
580 1342 695 1389 servitute
712 1348 737 1389 et
753 1342 903 1400 umbrarum,
923 1341 966 1388 scd

79 1407 106 1454 in
126 1404 238 1452 libertate
255 1404 369 1468 Spiritus,
384 1405 500 1453 colendus
517 1411 554 1453 est
571 1404 658 1463 Deus3
675 1413 699 1453 et
717 1421 758 1453 eas
774 1413 870 1453 tantum
887 1406 966 1468 poscit

81 1469 243 1518 Caerimonias
266 1484 320 1532 quae
332 1469 412 1516 ordini
428 1469 525 1517 decenti
537 1477 562 1517 et
573 1471 621 1532 piae
632 1469 769 1532 disciplinae
786 1469 926 1527 inserviant,
943 1479 966 1518 et

80 1550 136 1598 quae
148 1533 250 1597 speciali
257 1534 365 1596 quadam
382 1541 406 1582 et
418 1534 525 1582 evidenti
537 1533 715 1596 significatione
731 1540 827 1582 mentes
838 1535 965 1582 hominum

80 1600 181 1648 obtusas
192 1598 217 1645 in
229 1598 374 1645 memoriam
391 1597 464 1646 officii
482 1613 567 1646 eorum
585 1614 643 1661 erga
654 1598 737 1646 Deum
749 1599 781 1645 ad
794 1613 878 1646 eorum
889 1598 965 1646 aedifi·

79 1663 201 1711 cntionem
214 1662 319 1710 excitare
330 1663 431 1725 possint.
468 1662 553 1720 Porro,
565 1678 607 1710 cur
618 1663 733 1726 quaedam
742 1663 866 1724 abrogatae
878 1662 966 1710 suerint

80 1727 244 1784 Caerimoniae‚
258 1726 311 1774 haec
321 1727 465 1788 gravissima
482 1734 534 1774 erat
551 1742 631 1784 causa,
651 1726 717 1789 quod
734 1726 771 1774 ita
787 1726 813 1773 in
829 1725 900 1789 pejus
911 1734 966 1774 sunt

81 1798 210 1854 corruptae,
225 1798 277 1838 turn
294 1790 422 1839 hominum
434 1791 531 1838 rudium
543 1798 568 1839 et
584 1791 740 1839 indoctorum
758 1791 868 1838 caecitate
884 1805 963 1853 super·

79 1856 183 1912 stitiosa,
195 1863 247 1902 tum
256 1870 340 1902 eorum
352 1855 453 1903 avaritia
461 1855 592 1903 insatiabili
602 1855 645 1918 qui
655 1855 781 1917 proprium
791 1870 861 1902 suurn
871 1854 965 1902 lucrum

80 1919 159 1982 magis
170 1934 245 1983 quam
255 1919 303 1966 Dei
314 1919 416 1981 gloriam
429 1919 577 1982 quaerebant,
590 1928 624 1978 ut,
636 1920 694 1967 dum
707 1934 745 1967 res
756 1919 810 1982 ipsa
821 1927 964 1983 superesset,

80 1984 116 2032 rei
127 1983 218 2030 abusus
229 1983 283 2031 tolli
294 1983 412 2047 nequiret.

114 2047 189 2108 Quod
202 2054 284 2095 autem
300 2063 342 2095 eos
359 2048 453 2105 attinet,
473 2047 562 2110 quibus
579 2047 707 2095 offensioni
724 2054 794 2096 erunt
811 2046 936 2094 nonnullae
953 2061 967 2094 e

81 2111 239 2160 Caerimoniis
263 2112 370 2175 antiquis
394 2112 475 2160 adhuc
500 2119 620 2170 servatae3
644 2113 665 2159 si
681 2112 730 2160 hoc
754 2127 836 2160 secum
854 2119 967 2174 reputare

80 2176 167 2234 velint,
186 2175 255 2238 quod
272 2175 426 2224 Caerimoniis
446 2192 545 2239 prorsus
562 2175 664 2238 abjectis
680 2176 761 2224 nullus
783 2177 872 2224 servari
889 2176 967 2240 possit

80 2241 151 2298 ordo,
162 2239 231 2287 nulla
242 2239 268 2287 in
280 2240 391 2288 Ecclesia
401 2255 461 2288 sana
469 2248 493 2288 et
505 2241 636 2303 tranquilla
643 2240 781 2303 disciplina,
793 2240 885 2288 bonam
896 2239 967 2288 sacile

82 2303 221 2366 intelligent
233 2319 332 2352 causam
349 2319 400 2352 esse
412 2320 455 2352 cur
465 2305 612 2353 sententiam
628 2319 698 2352 suam
715 2305 741 2352 in
758 2304 845 2353 melius
861 2311 963 2352 mutent.

83 2368 142 2429 Qui,
156 2369 177 2416 si
189 2383 254 2429 aegre
265 2367 343 2415 ferant
354 2368 489 2432 quidquam
506 2369 600 2432 antiqui
618 2368 698 2416 adhuc
715 2384 822 2429 manere,
842 2377 867 2417 et
883 2369 967 2416 omnia

81 2433 114 2480 de
124 2447 190 2480 novo
202 2431 307 2480 conficta
318 2432 411 2491 malint,
421 2433 505 2496 utique
517 2432 671 2481 Caerimoniis
683 2433 830 2497 quibusdam
841 2449 903 2497 opus
915 2450 967 2482 esse

83 2496 195 2552 fatentes,
209 2497 262 2543 sine
273 2511 340 2544 mera
351 2512 380 2544 ac
391 2497 522 2544 manifesta
533 2497 673 2560 insipientia
684 2513 735 2545 non
752 2505 855 2560 possunt
866 2498 967 2561 antiqua

82 2567 184 2624 propter
195 2560 273 2623 ipsam
284 2560 455 2623 antiquitatem
464 2561 610 2624 improbare.
647 2561 685 2608 Ea
697 2562 762 2609 enirn
775 2562 856 2625 potius
867 2571 968 2625 propter

81 2624 255 2688 antiquitatem
271 2625 381 2672 venerari
403 2625 501 2684 debent,
520 2625 541 2673 si
558 2626 634 2673 modo
650 2626 728 2688 magis
751 2627 851 2674 unitatis
868 2633 892 2673 et
909 2641 966 2674 con·

81 2689 173 2738 cordiae
189 2688 297 2736 studium
313 2704 363 2751 prae
380 2704 406 2736 se
422 2689 484 2737 serre
500 2689 584 2748 velint,
604 2706 678 2753 quam
700 2706 781 2738 rerum
801 2706 921 2738 novarum
938 2705 967 2738 ac

82 2754 260 2810 inusitatamm,
274 2768 337 2816 quae,
352 2761 470 2816 quantum
487 2752 539 2801 fieri
556 2755 640 2817 possit,
660 2755 728 2803 salva
740 2755 831 2802 Christi
843 2754 967 2816 religionis

81 2819 177 2866 sincera
187 2817 370 2880 praedicatione,
384 2833 481 2881 semper
490 2818 598 2867 vitandae
609 2827 672 2868 sunt.

115 2882 245 2939 Praeterea,
264 2881 326 2929 nihil
350 2888 386 2930 est
404 2898 446 2930 cur
471 2898 506 2930 eae
523 2882 664 2931 hominibus
688 2884 817 2932 offensioni
834 2883 883 2931 sint
906 2899 967 2947 quas

81 2946 231 2994 servavimus
240 2945 402 2994 Caerimoniae.
439 2946 503 2994 Cum
512 2947 578 2994 enim
587 2947 635 2995 illae
644 2948 792 3010 abrogentur
798 2964 853 3011 quae
861 2949 966 2996 maxime

83 3011 108 3058 in
120 3010 190 3074 pejus
200 3010 305 3058 detorsae
317 3011 478 3058 conscientias
490 3010 618 3059 hominum
635 3013 802 3075 nequidquam
820 3013 966 3061 onerabant:

82 3075 117 3122 ita
133 3090 189 3149 quae
206 3081 335 3137 supersunt
356 3084 457 3139 propter
477 3075 633 3138 disciplinam
655 3077 788 3124 retinentur
805 3084 829 3125 et
854 3077 969 3126 ordinem

146 3154 187 3186 iux
