2092 3450
335 166 370 226 tha
386 165 435 221 {aa
454 164 543 221 §aaut
560 166 693 234 Stephani.

205 303 377 372 Etangrlinm.
538 317 637 365 lumine.
679 318 740 366 Erat
756 317 799 366 lux
820 334 886 377 vera,
906 334 962 382 quae

332 417 338 428 .
537 381 660 430 illuminat
671 397 771 430 omnem
783 382 911 431 hominem
921 399 962 432 ve-

205 418 230 467 S·
244 419 346 482 J⁰³¹¹‘L
365 429 384 465 ¹·
536 445 759 495 nienteminhunc
767 447 894 496 mundum.
932 448 963 495 In

87 510 143 634 IN
156 509 278 574 principio
289 516 340 558 erat
349 509 467 567 Verbum,
482 515 506 557 et
537 510 632 559 mundo
655 517 713 568 erat,
739 517 764 559 et
785 511 892 560 mundus
918 527 964 574 per

151 575 262 623 Verbum
274 581 325 622 erat
334 573 401 636 apud
412 574 509 632 Deum·
536 573 618 637 ipsum
635 574 718 623 tactus
740 581 783 634 est,
809 583 833 624 et
855 576 963 623 mundus

81 647 105 687 et
128 640 195 687 Deus
215 644 266 686 erat
284 638 401 686 Verbum.
447 638 506 686 Hoc
537 639 787 701 eumnoncognovit.
824 640 855 687 In
863 641 964 703 propria

80 704 171 751 eratin
190 702 311 766 principio
328 702 395 765 apud
412 701 517 750 Deum.»
536 702 610 760 venit,
635 709 660 752 et
681 703 719 751 sui
741 719 798 751 eum
819 719 870 751 non
898 719 963 752 rece-

82 768 173 816 Omnia
188 782 232 830 per
248 766 330 830 ipsum
348 767 413 814 lacta
431 774 505 814 sunt:
536 773 631 830 perurit
674 766 804 830 Quotquot
826 775 909 816 autem
927 784 964 816 re-

81 839 105 880 et
127 831 180 879 sine
197 831 252 894 ipso
273 830 366 879 sactum
385 838 422 878 est
443 830 506 878 nihil
536 837 653 895 ceperunt
669 847 734 890 eum,
748 831 817 880 dedit
831 832 865 880 eis
881 840 964 906 potes·

80 896 147 959 quod
164 895 255 943 factum
272 902 325 954 est;
342 894 439 958 inipso
455 895 506 942 vita
536 901 613 942 tatem
631 894 695 944 filios
715 895 764 944 Dei
783 894 843 953 fieri,
863 896 902 944 hrs
921 896 963 959 qui

80 968 139 1017 erat,
151 966 175 1008 et
186 959 237 1007 vita
248 965 300 1008 erat
310 958 353 1007 lux
363 959 505 1006 hominum:
537 959 639 1007 credunt
658 959 684 1007 in
704 959 814 1008 Nomine
832 958 900 1022 ejus:
920 961 963 1024 qui

80 1031 105 1072 et
132 1024 175 1071 lux
201 1023 228 1071 in
255 1023 361 1071 tenebris
384 1022 456 1081 lucet,
481 1030 505 1071 et
536 1038 587 1074 non
604 1024 817 1086 exsanguinibus,
836 1039 917 1088 neque
933 1041 964 1073 ex

80 1089 187 1136 tenebrae
205 1103 259 1135 eam
278 1103 329 1135 non
346 1087 505 1150 comprehen·
536 1086 663 1135 voluntate
680 1088 766 1146 carnis,
782 1103 863 1152 neque
879 1104 910 1137 ex
920 1105 963 1137 vo·

80 1152 175 1200 derunt.
213 1151 271 1199 Fuit
289 1151 365 1200 homo
384 1153 472 1199 missus
491 1166 506 1198 a
536 1151 631 1200 luntate
649 1151 766 1209 virised
786 1168 817 1200 ex
836 1152 892 1200 Deo
910 1153 963 1200 nati

81 1217 144 1275 Deo,
156 1215 196 1263 cui
212 1231 303 1264 nomen
320 1221 371 1264 erat
385 1215 501 1278 Joannes.
535 1221 599 1263 sunt.
635 1214 669 1264 Et
681 1215 791 1264 Verbum
803 1232 860 1264 caro
871 1216 963 1265 factum

81 1281 133 1327 Hic
148 1280 215 1327 venit
236 1279 263 1327 in
281 1279 456 1337 testimonium,
478 1287 506 1327 ut
537 1287 581 1338 est,
600 1285 625 1327 et
641 1279 761 1328 habitavit
780 1281 806 1328 in
824 1279 917 1329 nobis:
939 1289 964 1329 et

81 1344 247 1392 testimonium
265 1343 404 1407 perhiberet
421 1343 453 1392 de
468 1343 505 1391 lu·
536 1342 643 1391 vidimus
658 1343 763 1406 gloriam
781 1343 839 1406 ejus,
858 1344 963 1407 gloriam

80 1409 155 1466 mine,
174 1415 202 1456 ut
218 1423 303 1456 omnes
319 1407 446 1456 crederent
462 1423 507 1471 per
537 1407 607 1471 quasi
615 1407 852 1470 UnigenitiaPatre,
862 1408 962 1472 plenum

80 1472 168 1520 illum:
190 1487 240 1520 non
260 1478 312 1520 erat
331 1471 373 1520 ille
392 1471 442 1529 lux,
462 1471 506 1520 sed
537 1471 622 1534 gratiae
633 1477 658 1520 et
669 1472 783 1521 veritatis.

80 1543 107 1584 ut
130 1535 298 1584 testimonium
314 1534 458 1599 perhiberet
474 1535 506 1584 de

343 1707 379 1764 lla
393 1707 443 1763 bit
458 1707 548 1764 §tamti
562 1707 686 1776 §trahant

243 1816 344 1872 &tatia
573 1813 652 1862 cenda
670 1819 706 1860 est
724 1827 802 1876 usque
819 1810 851 1857 ad
868 1809 964 1858 Primus

196 1917 267 1966 nobis
298 1917 406 1966 Domine
440 1933 505 1981 quae.
573 1879 697 1942 Vesperas
710 1876 918 1927 Circumcisionis.

268 1954 275 1977 t
407 1954 413 1976 5

95 1911 271 2041 Usum,
294 1989 321 2030 ut
338 1982 402 2031 inter
423 1983 507 2030 omnia
676 2025 680 2035 ,
813 2023 816 2032 ,

81 2061 136 2109 quae
163 2045 190 2094 in
217 2053 281 2095 terra
311 2053 412 2109 propter
439 2046 505 2094 testi·
610 2025 696 2080 mm
708 2040 752 2091 lJru
765 2021 891 2090 fiplstnla.

81 2111 192 2158 monium
203 2110 312 2158 veritatis
323 2117 372 2158 tuae
389 2110 502 2173 patimur,
657 2136 730 2184 ΑΜ
746 2136 779 2183 vii
803 2144 832 2197 55

81 2176 106 2221 in
119 2174 208 2221 coelum
225 2174 386 2232 intendentes,
402 2174 506 2236 gloriam
781 2173 786 2183 ’
835 2173 840 2183 “

81 2254 136 2300 quae
148 2238 173 2284 in
184 2237 265 2285 futuro
276 2237 407 2286 revelanda
418 2244 454 2286 est
463 2254 507 2301 per
625 2237 653 2284 M
663 2244 745 2284 autem
752 2244 814 2284 esset
822 2236 866 2285 Ste
883 2235 963 2283 banus

81 2301 156 2349 fidem
174 2301 331 2362 intueamur;
355 2308 387 2361 et,
413 2301 507 2365 Spiritu
629 2300 716 2364 plenus
739 2300 833 2363 Spiritu
859 2252 959 2357 doncro,

82 2366 174 2415 Sancto
207 2365 301 2440 repleti,
339 2373 507 2429 persecutores
537 2364 666 2413 intendens
674 2365 701 2412 in
713 2364 810 2424 coelum,
820 2363 962 2428 viditglori-

80 2437 176 2478 nostros
198 2429 300 2492 diligere
321 2438 345 2478 et
362 2429 507 2479 benedicere
538 2444 579 2477 am
597 2429 653 2488 Dei,
676 2435 700 2478 et
718 2429 804 2492 Jesum
823 2435 930 2477 stantem
949 2446 963 2477 a

81 2494 210 2552 discamus,
225 2493 338 2556 exemplo
350 2494 435 2543 Sancti
452 2494 506 2543 Ste·
537 2492 629 2541 dextris
656 2493 712 2541 Dei.
760 2492 793 2540 Et
815 2493 869 2541 ait:
897 2493 963 2541 Ecce

81 2559 157 2622 phani
184 2558 373 2621 Protomartyris
395 2559 438 2618 tui,
463 2559 506 2622 qui
537 2557 610 2605 video
622 2556 697 2605 coelos
714 2565 819 2619 apertos,
833 2563 858 2604 et
870 2556 963 2605 Filium

81 2639 126 2686 pro
138 2622 332 2671 interfectoribus
343 2623 393 2671 suis
405 2629 435 2681 te,
446 2622 505 2685 Jesu
538 2621 655 2669 Hominis
666 2627 772 2669 stantem
779 2637 794 2668 a
802 2621 894 2668 dextris
903 2622 959 2669 Dei.

80 2688 216 2745 benedicte,
236 2689 352 2747 exoravit,
367 2687 409 2750 qui
425 2694 474 2735 stas
491 2702 506 2734 a
537 2685 709 2733 Exclamantes
716 2692 798 2732 autem
805 2700 866 2733 voce
872 2700 963 2747 magna

80 2752 172 2800 dextris
192 2751 241 2800 Dei
259 2767 344 2799 omnes
361 2758 461 2815 propter
480 2757 505 2799 te
536 2749 707 2797 continuerunt
718 2764 788 2797 aures
799 2764 862 2806 suaS,
876 2756 901 2797 et
917 2750 962 2797 im-

81 2816 201 2878 patientes
241 2815 374 2878 adjuturus,
417 2814 504 2863 unicus
536 2820 621 2876 petum
641 2812 749 2861 fecerunt
771 2813 918 2861 unanimiter
937 2814 963 2861 in

81 2876 206 2929 Mediator
216 2887 298 2929 noster
315 2887 338 2928 et
350 2879 499 2928 Advocatus.
536 2893 599 2926 eum.
637 2877 669 2925 Et
681 2877 805 2939 ejicientes
821 2893 879 2925 eum
895 2884 964 2925 extra

83 2945 170 2992 Amen.
538 2941 662 2989 civitatem
675 2940 836 3004 lapidabant:
848 2948 872 2989 et
888 2948 963 2990 testes

537 3006 703 3068 deposuerunt
741 3005 887 3053 vestimenta
919 3021 963 3053 sua

92 3074 190 3120 Deinde
219 3079 334 3133 sequatur
363 3069 451 3117 Oratio
482 3067 512 3115 de
537 3085 605 3118 secus
626 3069 702 3132 pedes
724 3068 893 3129 adolescentis
920 3070 963 3132 qui

115 3138 266 3244 bgtivitate,
283 3135 464 3198 quaequoudie
479 3134 514 3180 di·
535 3134 669 3182 vocabatur
694 3133 789 3183 Saulus.
842 3133 875 3181 Et
899 3131 962 3195 lapi-
