2092 3450
285 189 394 254 lisnlnti.
650 197 693 244 Ad
708 198 770 257 l'esp.

61 353 138 394 sancti
160 344 236 394 Israel
255 344 318 408 regis
351 360 436 392 eorum
456 360 461 392 :
479 349 503 392 et
520 341 546 392 in
562 342 702 392 verberibus
719 359 775 407 pec·

351 416 406 457 cata
417 423 508 456 eorum.

59 480 115 522 utus
134 489 161 522 es
179 473 205 521 in
223 473 318 522 visione
383 471 579 521 Misericordiam
595 478 678 520 autem
694 487 776 520 meam

68 555 74 586 ε
91 545 115 586 et
132 538 223 596 dixisti,
243 537 318 586 Posui
350 553 401 585 non
418 537 558 600 dispergam
575 537 607 585 ab
625 551 655 585 eo
673 553 679 585 :
696 551 776 600 neque

58 605 79 650 in
91 607 199 665 potente,
213 609 237 650 et
253 602 317 650 exal·
350 601 446 650 nocebo
456 605 482 650 in
493 601 595 650 veritate
606 616 680 649 mea:

69 666 101 715 de
112 667 185 730 plebe
195 682 257 714 mea
383 667 472 730 Neque
490 665 628 730 profanabo
646 671 776 713 testamen·

58 731 109 779 tvid
116 746 212 779 servum
220 746 317 779 meum:
351 741 403 778 tum
414 746 497 778 meum
512 736 556 779 :et
568 744 623 794 quae
640 728 776 792 procedunt

58 810 113 843 meo
124 795 183 843 unxi
194 810 257 843 eum.
350 794 381 842 de
400 793 472 843 labiis
490 795 552 843 meis
570 809 621 842 non
638 793 728 842 faciam
744 792 775 841 ir-

58 860 101 907 rim
118 875 174 907 mea
190 859 317 908 anxiliabi·
349 859 402 907 rita

58 923 158 971 achinm
169 939 251 972 meum
261 939 318 972 con·
383 921 466 972 Semel
479 921 560 986 juravi
574 923 599 970 in
612 929 697 970 sancto
708 937 773 980 meo,

58 1010 68 1036 u
349 986 370 1035 si
387 987 471 1035 David
486 987 591 1035 mentiar
606 1002 707 1035 :semen
723 985 776 1048 ejus

59 1051 131 1100 ›ficiet
154 1051 269 1101 inimicus
292 1052 318 1099 in
349 1051 374 1099 in
386 1059 504 1100 aeternum
515 1051 632 1100 manebit.

59 1132 87 1165 us
108 1117 243 1180 iniquitatis
267 1132 318 1165 non
381 1116 416 1164 Et
432 1117 535 1164 thronus
551 1114 603 1178 ejus
619 1114 682 1164 sicut
698 1114 736 1163 sol
749 1115 775 1162 in

59 1196 102 1229 :ere
113 1181 142 1230 ei.
350 1187 482 1243 conspectu
499 1195 556 1228 meo
574 1197 581 1228 z
597 1186 622 1228 et
638 1179 700 1228 sicut
716 1178 776 1227 luna

59 1245 108 1292 lam
127 1260 142 1292 a
161 1245 223 1294 facie
241 1245 318 1308 ipsius
349 1245 457 1308 perfecta
475 1245 501 1292 in
520 1251 646 1302 aetemum,
666 1250 691 1292 et
707 1243 776 1292 testis

59 1325 72 1357 s
86 1326 92 1358 ε
104 1317 128 1358 et
139 1310 250 1358 odientes
261 1325 318 1358 eum
351 1310 377 1356 in
389 1309 452 1357 coelo
463 1308 549 1357 fidelis.

59 1382 172 1422 nvertam.
382 1373 422 1421 Tu
432 1388 492 1421 vero
504 1371 615 1437 repulisti
631 1379 655 1420 et
672 1371 774 1435 despex-

72 1453 126 1486 mea
142 1447 166 1487 et
182 1438 317 1487 misericor·
349 1437 389 1486 isti
404 1437 537 1486 :distulisti
549 1437 675 1486 Christum
686 1443 762 1485 tuum.

59 1518 78 1549 n
95 1503 150 1565 ipso
165 1511 208 1551 :et
224 1503 250 1550 in
264 1503 317 1551 No·
382 1501 497 1550 Evertisti
520 1508 692 1551 testamentum
711 1501 775 1548 servi
843 1536 847 1541 .

70 1567 215 1614 exaltabitur
243 1582 318 1615 comu
349 1566 384 1640 tui
396 1565 544 1640 :profanasti
555 1566 581 1613 in
589 1572 654 1614 terra
662 1571 773 1613 sanctua-

349 1646 482 1693 numeJus.

59 1711 71 1743 t
90 1694 115 1742 in
132 1695 194 1743 mari
215 1711 317 1743 manum
381 1692 774 1757 Destruxistiomnessepesejus:

61 1759 184 1808 uminibus
192 1760 317 1808 dexteram
348 1759 452 1822 posuisti
470 1759 651 1807 firmamentum
662 1757 715 1821 ejus
725 1758 773 1806 for-

348 1824 474 1872 midinem.

59 1888 138 1936 ocabit
166 1903 213 1947 me,
244 1888 317 1937 Pater
381 1888 543 1951 Diripuerunt
586 1902 642 1935 eum
688 1901 774 1935 omnes

63 1952 131 2000 Deus
142 1967 218 2012 meus,
231 1960 316 2002 etsus·
349 1959 501 2000 transeuntes
522 1951 588 1999 viam
611 1950 715 2000 :factus
737 1958 774 2000 est

61 2031 152 2064 smeae.
348 2016 509 2080 opprobrium
519 2015 674 2065 vicinissuis.

62 2081 213 2143 mogenitnm
225 2097 317 2144 ponam
380 2080 502 2129 Exaltasti
534 2079 660 2128 dexteram
692 2078 773 2142 depri-

59 2144 128 2192 rlsum
147 2161 198 2208 prae
219 2146 317 2208 regibus
347 2145 467 2206 mentium
484 2143 704 2192 eum21aetificasti
720 2159 772 2192 om·

348 2225 391 2258 nes
402 2208 515 2258 inimicos
526 2208 585 2270 ejus

59 2274 316 2323 mservaboillimise-
381 2274 499 2323 Avertisti
526 2272 675 2335 adjutorium
696 2271 773 2335 gladii

59 2353 118 2386 eam
133 2346 175 2386 :et
186 2345 316 2388 testamen·
348 2336 773 2399 ejustetnonesauxiliatuseiin

59 2401 125 2450 ideIe
135 2402 189 2466 ipsi
347 2402 421 2451 bello.

72 2467 97 2514 in
108 2466 225 2515 saeculum
233 2467 316 2516 saeculi
380 2466 528 2516 Destruxisti
539 2481 596 2515 eum
612 2465 644 2513 ab
656 2464 772 2513 emunda·

67 2547 73 2578 ε
90 2538 115 2580 et
130 2530 247 2580 thronum
264 2531 316 2594 ejus
348 2531 415 2580 tione
429 2549 436 2580 ι
448 2538 472 2580 et
486 2531 569 2580 sedem
582 2529 634 2593 ejus
645 2529 672 2578 in
682 2535 772 2577 terram

60 2595 92 2643 eli.
347 2594 465 2645 collisisti.

76 2659 251 2723 dereliquerint
270 2660 315 2709 filii
380 2659 511 2709 Minorasti
521 2659 574 2708 dies
582 2655 700 2721 temporis
709 2655 771 2720 ejus:

60 2739 137 2772 meam
152 2731 194 2772 :et
210 2725 237 2772 in
250 2724 315 2787 judi·
348 2724 475 2789 perfudisti
486 2739 543 2772 eum
554 2719 703 2771 confusione.

81 2804 132 2836 non
175 2788 315 2838 ambulave-
381 2789 525 2853 Usquequo,
545 2785 661 2844 Domine,
683 2784 772 2834 avertis

346 2853 372 2901 in
384 2853 458 2901 finem
469 2851 624 2900 :exardescet
635 2849 697 2898 sicut
708 2848 772 2913 ignis

60 2932 155 2966 smeas
171 2918 314 2981 profanare·
346 2919 453 2966 iratua?

60 2981 124 3030 tdata
134 2997 190 3031 mea
199 2997 249 3031 non
261 2998 314 3031 cus·
379 2982 519 3030 Memorare
530 2994 585 3043 quae
593 2993 650 3026 mea
660 2978 770 3027 substan·

346 3046 381 3095 tia
395 3043 535 3109 :numquid
551 3042 617 3092 euim
633 3057 697 3092 vane
713 3058 770 3092 con·

61 3127 78 3159 n
89 3109 158 3174 virga
174 3110 314 3175 iniquitates
345 3109 444 3162 stituisti
455 3124 544 3160 omnes
551 3107 781 3159 filioshonimnml
