2040 3458
10 1420 17 1651 l

296 158 429 224 buntiana
444 159 471 214 in
488 159 652 229 §rurestria

165 301 342 372 margatum,
502 298 572 362 piens
595 313 610 346 a
635 298 773 348 novissimis
798 314 875 363 usque
896 300 928 347 ad

151 401 169 453 s
193 402 222 451 M
503 363 603 426 primos.
645 362 709 412 Cum
728 363 852 412 venissent
870 379 929 426 ergo

171 439 178 452 ·
224 408 268 452 att
284 419 323 452 ¹¹·
341 415 361 452 ¹·
504 427 546 490 qui
574 427 638 476 circa
664 428 820 476 undecimam
841 428 928 476 horam

57 486 208 614 SIMILE
227 497 265 540 est
281 506 385 554 regnum
398 491 473 541 coelo·
503 498 628 550 venerant,
652 500 798 554 acceperunt
820 492 929 554 singulos

122 554 282 605 rumhomini
293 555 470 619 patrifamilias,
503 554 623 605 denarios.
659 555 792 605 Venientes
808 563 891 604 autem
904 564 929 604 et

52 617 87 681 qui
96 619 155 668 exiit
163 620 245 683 primo
254 635 327 668 mane
336 620 473 669 conducere
503 620 583 682 primi,
597 619 707 669 arbitrati
723 629 780 668 sunt
795 620 863 684 quod
873 621 929 684 plus

53 683 389 745 operariosinvineamsuam.
406 684 471 733 Con·
503 690 583 732 essent
609 684 750 748 accepturi:
782 692 929 748 acceperunt

53 748 158 796 ventione
169 755 252 797 autem
263 748 329 796 iacta
345 764 401 796 cum
413 764 471 812 ope·
502 755 586 796 autem
597 755 621 796 et
632 749 679 812 ipsi
688 746 796 812 singulos
804 749 925 797 denarios.

54 811 111 859 rariis
126 827 158 860 ex
174 812 277 861 denario
293 812 390 870 diurno,
404 813 472 861 misit
503 812 536 859 Et
563 812 711 877 accipientes
743 813 929 860 murmurabant

54 876 314 924 tosinvineamsuum.
347 877 379 924 Et
391 892 471 940 egres·
502 876 617 925 adversus
649 877 857 940 patremfamilias,
891 877 927 925 di-

53 951 85 986 sus
99 939 163 989 circa
178 940 267 989 horam
283 941 388 1000 tertiam,
408 941 472 989 vidit
502 946 601 988 centes:
618 941 655 988 Hi
670 941 796 989 novissimi
807 957 856 989 una
866 940 928 989 hora

54 1001 104 1052 alios
114 1010 208 1053 stantes
219 1005 245 1052 in
261 1004 315 1053 foro
333 1005 431 1064 otiosos,
447 1012 471 1053 et
501 1004 617 1063 fecerunt,
640 1011 665 1054 et
686 1021 757 1068 pares
778 1005 834 1054 illos
856 1005 928 1054 nobis

54 1065 104 1116 dixit
114 1067 182 1117 illis:
201 1069 239 1117 Ite
250 1076 275 1117 et
283 1084 328 1116 vos
339 1069 366 1117 in
372 1069 470 1117 vineam
501 1067 588 1127 fecisti,
604 1069 646 1132 qui
662 1069 814 1133 portavimus
830 1070 928 1132 pondus

53 1144 129 1190 meam,
152 1139 177 1181 et
198 1133 265 1196 quod
285 1132 379 1194 justum
398 1132 470 1182 suerit
501 1133 550 1180 diei
566 1140 589 1181 et
606 1141 685 1182 aestus.
722 1134 758 1181 At
769 1133 811 1182 ille
827 1149 927 1197 respon·

53 1193 190 1245 dabovobis.
212 1197 253 1245 Illi
260 1197 466 1246 autemabierunt.
501 1196 562 1245 dens
573 1198 615 1245 uni
628 1212 720 1256 eorum,
730 1197 791 1245 dixit
804 1215 810 1246 ε
828 1198 925 1256 Amice,

53 1257 134 1308 lterum
153 1268 237 1309 autem
260 1261 319 1310 exiit
337 1261 400 1310 circa
416 1277 470 1310 sex·
485 1296 487 1302 r
500 1277 551 1308 non
562 1260 625 1309 facio
636 1262 682 1310 tibi
697 1261 829 1323 injuriam:
845 1277 928 1309 nonne

52 1329 92 1372 tarn
107 1332 132 1373 et
145 1340 239 1374 nonam
249 1325 354 1373 horam:
371 1332 396 1374 et
412 1325 470 1374 iecit
501 1341 531 1372 ex
542 1325 643 1374 denario
661 1326 795 1374 convenisti
812 1328 928 1374 mecum?

12 1390 14 1397 “
51 1386 158 1438 similiter.
205 1390 279 1438 Circa
313 1390 470 1438 undecimam
501 1389 574 1438 Tolle
585 1389 653 1453 quod
669 1397 739 1438 tuum
753 1396 796 1449 est,
811 1398 836 1439 et
846 1391 927 1438 vade:

52 1466 98 1501 vero
131 1453 199 1511 exiit,
230 1460 255 1502 et
286 1453 381 1502 invenit
408 1454 470 1502 alios
501 1453 558 1501 volo
577 1461 661 1502 autem
679 1461 703 1502 et
719 1453 777 1502 huic
792 1454 927 1502 novissimo

50 1522 140 1576 stantes,
156 1526 181 1566 et
193 1517 253 1566 dicit
264 1517 330 1566 illis:
348 1518 415 1581 Quid
428 1518 470 1566 hic
501 1518 560 1565 dare
581 1518 644 1566 sicut
666 1525 690 1566 et
712 1518 765 1566 tibi.
802 1520 854 1566 Aut
876 1534 927 1566 non

48 1581 108 1629 statis
120 1588 175 1630 tota
190 1582 231 1630 die
248 1582 343 1630 otiosi?
376 1583 470 1630 Dicunt
501 1581 557 1630 licet
578 1582 640 1629 mihi
662 1582 730 1645 quod
748 1581 806 1630 volo
828 1582 927 1630 lacere?

49 1643 83 1692 ei:
100 1645 168 1707 Quia
188 1661 262 1694 nemo
278 1661 324 1694 nos
341 1646 465 1695 conduxit.
500 1661 532 1692 an
560 1645 645 1694 oculus
673 1654 729 1694 tuus
751 1661 858 1709 nequam
879 1653 923 1705 est,

47 1706 107 1757 Dicit
115 1710 184 1758 illis:
202 1711 241 1758 lte
250 1717 274 1759 et
282 1726 327 1758 vos
335 1711 362 1758 in
370 1711 469 1759 vineam
501 1710 559 1773 quia
587 1726 633 1773 ego
660 1710 741 1759 bonus
768 1713 840 1758 sum?
884 1711 927 1759 Sic

46 1786 126 1822 neam
152 1774 470 1823 Cumseroautemiactum
501 1780 572 1821 erunt
588 1774 714 1822 novissimi
725 1774 806 1837 primi,
818 1782 841 1822 et
852 1774 926 1837 primi

10 1887 11 1893 ,
46 1845 108 1897 esset,
123 1837 186 1886 dicit
197 1839 312 1887 dominus
323 1838 401 1887 vineae
412 1855 469 1902 pro·
500 1837 626 1886 novissimi
638 1856 645 1898 3
678 1838 749 1886 multi
777 1839 843 1886 enim
870 1846 926 1887 sunt

44 1902 145 1951 curatori
162 1918 228 1951 suo:
247 1902 317 1951 Voca
333 1903 466 1966 operarios,
500 1903 589 1961 vocati,
603 1903 676 1966 pauci
687 1918 746 1952 vero
758 1903 835 1951 electi.

43 1974 64 2012 et
82 1967 160 2035 redde
177 1966 227 2015 illis
242 1967 389 2025 mercedem,
408 1967 468 2014 inci-

314 2075 482 2133 bnotintrain
493 2075 657 2144 §nauminia

114 2165 178 2202 SIVE
195 2165 338 2203 DOMINICA
354 2167 484 2204 SECUNDA
500 2166 576 2202 ANTE
592 2167 843 2212 QUADRAGESIMAM.

189 2241 287 2298 &mim
359 2274 362 2280 .
498 2230 626 2294 sapientes.
671 2231 801 2280 Sustinetis
821 2230 886 2278 enim
904 2232 924 2279 si

106 2318 187 2377 EUS,
225 2317 251 2367 ui
269 2319 389 2383 conspicis
409 2319 467 2383 quia
498 2295 552 2368 ‘inis
565 2311 609 2370 Y⁰⁵
626 2294 652 2343 5¹¹
668 2295 809 2369 millium?
826 2295 921 2370 redigit,

138 2398 171 2431 ex
184 2398 201 2430 n
238 2391 354 2431 anostra
369 2384 466 2432 actione
498 2374 517 2433 ⁵!
533 2360 708 2434 (ὶωῗάθνθῑῆἲ,
722 2375 808 2433 5κ1ῠξ5
824 2366 921 2434 acplpit,

37 2446 202 2496 confidimus,
220 2446 467 2512 Concedepropitius
498 2438 518 2470 s1
540 2438 595 2486 quis
617 2423 749 2483 extollitur,
774 2439 795 2471 s1
817 2439 871 2487 quis
898 2440 924 2471 in

36 2519 64 2560 ut
86 2518 175 2560 comm
195 2511 298 2560 adversa
319 2512 403 2560 omnia
425 2519 467 2560 tua
498 2487 586 2561 faciem
602 2503 646 2536 vos
664 2488 742 2536 caedit
782 2488 924 2536 Secundum

36 2583 160 2637 potestate
176 2575 322 2624 muniamur·
359 2576 408 2624 per
424 2577 465 2638 Je·
497 2552 678 2613 ignobilitatem
699 2552 763 2610 dico,
786 2553 856 2615 quasi
879 2568 924 2600 nos

36 2655 91 2688 sum
109 2638 237 2688 christum
257 2640 393 2689 Dominum
410 2656 465 2688 nos,
497 2615 587 2664 infirmi
604 2615 720 2664 fuerimus
737 2618 763 2663 in
781 2616 828 2664 hac
844 2624 920 2678 parte.

36 2712 109 2752 trum
146 2706 237 2754 Amen,
497 2679 528 2727 In
549 2695 600 2744 quo
621 2680 676 2744 quis
693 2680 767 2728 audet
786 2680 822 2738 (in
839 2681 922 2743 insipi-

497 2744 562 2791 entia
573 2744 648 2804 dico),
660 2744 740 2793 audeo
751 2751 775 2791 et
787 2757 848 2806 ego:
870 2745 922 2793 He·

179 2806 304 2874 Epistula,
496 2808 556 2856 braei
578 2816 642 2867 sunt,
668 2816 692 2856 et
714 2824 777 2871 ego:
806 2809 923 2857 Israelitae

130 2909 200 2956 2Ad
213 2909 269 2958 001-
285 2910 316 2959 xi·
334 2923 369 2972 19·
495 2880 560 2984 {tlt
579 2880 604 2985 ἓῖ
623 2888 670 2985 ἓὲἓ
680 2890 687 2984 ἔ
705 2873 922 2986 instabili

103 2997 264 3046 IBENTER
281 2998 385 3048 suffertis
403 2999 462 3048 insi·
494 2973 559 3060 sunt:
579 3002 615 3060 (ut
632 2976 713 3049 minus
731 3001 827 3064 sapiens
844 3002 921 3061 dico)

135 3063 247 3126 pientes:
267 3079 324 3112 cum
343 3063 395 3112 sitis
414 3063 461 3128 ipsi
493 3065 549 3128 plus
569 3080 632 3128 ego:
656 3065 683 3113 in
701 3065 827 3113 laboribus
846 3064 920 3131 pluri·

102 3139 135 3187 49
471 3139 491 3179 D
