2092 3450
301 156 433 213 doninica
449 157 541 226 ιβιιιιιι
556 165 615 227 unat
633 161 792 219 ιιιιιιιιιιιιι.

114 325 159 375 ρει
169 327 232 361 eum.
269 311 300 360 ln
311 311 360 361 hoc
371 318 407 361 est
418 311 538 361 charitas
568 313 688 377 diligere?
730 313 764 362 Et
781 313 830 362 hoc
851 313 997 363 mandatum

114 391 165 424 non
198 376 268 441 quasi
302 391 348 425 nos
382 376 538 426 dilexerimus
568 377 800 427 habemusaDeo:
816 378 899 442 utqui
914 379 998 442 diligit

115 439 204 499 Deum,
220 441 263 490 sed
279 455 396 504 quoniam
408 456 460 504 ipse
471 456 540 504 prior
569 442 659 502 Deum,
673 441 761 505 diligat
773 447 797 491 et
808 441 994 492 fratremsuum

113 504 199 553 dilexit
226 519 279 579 nos,
303 511 329 552 et
354 505 421 553 misit
446 504 537 554 Filium

112 583 184 616 suum
200 567 420 644 propitiationem
418 583 464 631 pro
479 584 537 644 pec·
806 612 811 625 ,

113 633 173 680 catis
181 639 277 681 nostris
315 632 491 693 Charissimi,
473 648 493 680 si
502 649 538 681 sic
689 609 863 680 biaoariam.

113 696 181 744 Deus
192 695 277 744 dilexit
293 711 346 755 nos,
361 703 385 745 et
401 711 446 745 nos
463 697 537 746 debe·
664 718 690 769 s·
705 719 840 769 Lucaem
858 732 895 782 19

111 775 166 808 mus
177 760 320 808 alterutrum
326 761 433 824 diligere.
454 761 538 809 Deum

112 824 377 899 nemoviditunquarn.
414 825 442 874 Si
450 825 537 888 diliga
643 823 722 873 OMO
734 823 836 888 quidam
847 830 900 874 erat
914 824 992 883 dives,

111 903 166 936 mus
189 888 301 947 invicem,
326 889 424 938 Deus'
416 905 443 937 in
464 890 537 938 nobis
658 889 701 952 qui
720 887 870 937 induebatur
887 905 997 953 purpura

110 959 201 1011 manet,
217 952 536 1016 etcharitasejusiunobis
568 961 592 1000 et
627 967 698 1015 yss0:
723 959 747 1000 et
766 953 914 1017 epulabatur
934 969 995 1017 quo·

110 1016 218 1079 perfecta
229 1024 272 1065 est
309 1017 340 1064 In
351 1017 400 1065 hoc
411 1033 535 1080 cognosci
567 1015 627 1065 tidie
646 1016 782 1080 splendide.
820 1017 853 1065 Et
873 1023 926 1066 erat
941 1018 995 1081 qui·

110 1095 165 1128 mus
176 1081 293 1156 quoniam
309 1081 335 1128 in
353 1097 382 1130 eo
398 1097 533 1141 manemus,
566 1079 624 1128 dam
632 1081 766 1141 mendicus,
772 1081 993 1140 nomineLaraius,

110 1151 135 1192 et
151 1145 245 1207 ipsein
261 1145 348 1194 nobisi
372 1146 489 1209 quoniam
505 1147 537 1194 de
566 1144 608 1207 qui
627 1144 726 1207 Jacebat
753 1145 814 1193 ad'
804 1161 908 1208 januam
932 1144 993 1208 eius,

112 1208 205 1271 Spiritu
227 1224 272 1257 suo
289 1209 357 1258 dedit
379 1210 457 1259 nobis
501 1211 536 1259 Et
565 1208 687 1257 ulceribus
702 1209 798 1272 plenus,
812 1209 913 1273 cupiens
930 1217 995 1258 satu-

110 1287 155 1321 nos
177 1272 290 1332 vidimus,
315 1279 340 1322 et
367 1273 532 1335 testificamur,
565 1273 656 1322 rande
666 1289 737 1321 nucis
753 1289 809 1337 quae
828 1273 953 1322 cadebant
962 1273 994 1323 de

110 1336 228 1399 quoniam
250 1337 324 1386 Pater
349 1339 416 1386 misit
444 1338 535 1386 Filium
565 1352 651 1385 mensa
661 1337 751 1397 divitis,
766 1344 790 1386 et
806 1352 882 1386 nemo
898 1336 935 1386 illi
951 1337 995 1386 da·

109 1400 486 1465 suumSalvatoremmundi.Q
462 1402 535 1465 Quis·
565 1401 623 1449 bat:
640 1402 684 1450 sed
695 1407 720 1450 et
731 1417 803 1450 canes
814 1401 956 1462 vemebant
970 1408 995 1450 et

110 1465 165 1527 quis
187 1465 311 1514 confessus
327 1465 452 1514 fueritu
418 1467 536 1578 cpponiam
565 1465 692 1528 hngebant
700 1465 812 1514 ulcera
791 1480 850 1528 eJus
889 1466 994 1514 Factum

107 1529 179 1591 Jesus
197 1536 233 1578 est
252 1529 329 1578 Filius
348 1530 404 1590 Dei,
451 1546 493 1579 eus
509 1547 535 1578 in
566 1536 602 1578 est
613 1537 695 1578 autem
706 1536 733 1577 ιιι
744 1536 882 1578 moreretur
897 1529 993 1578 mendi·

109 1608 139 1640 eo
151 1599 241 1652 manet
256 1594 344 1657 etipse
360 1594 386 1642 in
401 1594 464 1643 Deo.
501 1595 536 1643 Et
566 1609 615 1652 cus,
630 1601 654 1642 et
666 1601 803 1657 portaretur
817 1594 850 1642 ab
862 1594 994 1657 angehsin

108 1673 155 1705 nos
170 1658 329 1720 cognovimus
347 1665 371 1707 et
388 1658 535 1708 credidimus
565 1658 646 1706 sinum
666 1657 789 1706 Abrahae:
817 1667 930 1706 mortuus
957 1665 994 1706 est

110 1722 230 1781 charitati,
245 1737 320 1785 quam
330 1722 406 1771 habet
423 1722 514 1771 Deus'
507 1739 534 1771 in
563 1729 646 1770 autem
674 1729 698 1770 et
725 1723 801 1779 dives,
831 1728 855 1770 et
883 1722 994 1786 sepultus

109 1786 187 1834 nobis.
224 1759 293 1834 ’Deus
314 1786 420 1835 charitas
439 1794 493 1834 est:
510 1794 535 1835 et
565 1785 638 1834 estin
649 1786 751 1834 inferno
789 1785 898 1835 Elevans
909 1793 994 1834 autem

108 1849 150 1912 qui
162 1857 245 1898 manet
255 1866 282 1897 ιιι
293 1851 442 1910 chemate,
435 1867 461 1898 ιιι
479 1851 536 1900 Deo
565 1850 649 1907 oculos
664 1865 728 1907 suos,
746 1846 803 1898 cum
820 1857 883 1898 esset
900 1850 927 1898 in
944 1857 993 1899 tor-

108 1921 198 1972 manet,
213 1921 238 1962 et
249 1914 335 1962 Deus
328 1930 354 1962 in
365 1930 402 1963 eo.
439 1915 470 1963 Iu
486 1915 535 1963 hoc
564 1915 660 1973 mentis,
675 1913 737 1962 vidit
748 1914 877 1963 Abraham
886 1914 990 1977 alonge,

107 1977 216 2040 perfecta
226 1986 263 2026 est
274 1978 377 2027 charitas
393 1978 441 2027 Dei
452 1980 534 2028 nobis·
564 1985 588 2026 et
611 1979 731 2026 Lazanim
752 1978 779 2025 in
801 1978 856 2027 sinu
880 1977 948 2040 ejus:
969 1984 994 2027 et

109 2057 173 2099 cum,
188 2049 215 2089 ut
232 2041 346 2090 fiduciam
363 2042 497 2091 habeamus
508 2043 534 2091 in
563 2042 616 2105 ipse
623 2042 732 2090 clamans
740 2041 816 2090 dixit:
829 2042 904 2090 Pater
912 2043 993 2091 Abra·

108 2105 149 2153 die
162 2105 264 2168 judicii:
280 2107 339 2169 quia
354 2106 417 2155 sicut
434 2106 530 2168 ineest,
564 2105 632 2165 ham,'
655 2106 770 2154 miserere
791 2106 848 2165 mei,
871 2113 896 2154 et
921 2107 994 2155 mitte

108 2176 132 2216 et
151 2185 196 2217 nos
214 2185 297 2218 sumus
315 2170 342 2218 in
363 2171 411 2219 hoc
430 2171 529 2220 mundo.
565 2171 692 2229 Lazarum,
703 2177 730 2218 ut
739 2169 845 2233 intingat
855 2177 994 2219 extremuni

108 2233 196 2282 Timor
216 2249 267 2282 non
294 2241 331 2282 est
352 2234 379 2282 in
401 2235 533 2284 charitate·
564 2234 636 2296 digiti
655 2235 692 2282 sui
710 2234 737 2282 in
757 2249 855 2297 aquarn,
878 2240 905 2282 ut
926 2234 994 2284 refri-

108 2297 151 2344 sed
186 2298 294 2361 perfecta
332 2298 436 2346 charitas
468 2298 533 2348 foras
563 2306 632 2360 geret
642 2298 752 2360 linguam
764 2313 853 2358 meam,
863 2314 923 2363 quia
940 2314 993 2347 cru·

107 2361 183 2410 mittit
234 2363 367 2411 timorem:
416 2363 532 2437 quoniam
564 2362 614 2410 cior
629 2363 656 2410 in
669 2362 717 2410 hac
736 2361 844 2411 flamma.
882 2363 916 2411 Et
931 2362 995 2411 dixit

107 2425 181 2473 timor
189 2441 299 2500 poenam
317 2425 406 2475 habet:
431 2427 473 2489 qui
490 2442 532 2474 au·
562 2426 600 2474 illi
619 2426 760 2475 Abraham:
785 2426 845 2501 Fili,
863 2427 995 2477 recordare

107 2496 158 2536 tem
177 2489 254 2550 timet,
279 2505 330 2538 non
353 2498 389 2538 est
411 2491 532 2553 perfectus
562 2505 621 2553 quia
631 2490 744 2554 recepisti
759 2490 845 2538 bona
839 2506 865 2538 ιιι
877 2491 930 2538 vita
940 2498 991 2550 tua,

106 2553 133 2600 in
158 2554 281 2603 charitate
324 2554 379 2602 Nos
401 2569 460 2616 ergo
476 2555 531 2603 dili-
562 2554 911 2604 etLazarussimilitermala:
927 2570 995 2603 nunc

106 2633 193 2680 gamus
215 2618 305 2676 Deum,
326 2618 443 2681 quoniam
463 2618 531 2666 Deus
562 2625 645 2666 autem
662 2619 703 2667 hic
719 2618 868 2678 consolatur,
888 2627 917 2666 tu
934 2633 994 2667 vero

106 2697 173 2744 prior
183 2681 269 2730 dilexit
280 2698 332 2730 nos
370 2682 398 2731 Si
409 2697 463 2745 quis
478 2683 530 2730 dix·
562 2682 692 2730 cruciaris:
715 2689 740 2730 et
759 2683 786 2730 in
803 2681 842 2730 his
865 2683 992 2741 omnibus,

106 2745 159 2804 erit,
177 2746 295 2808 quoniam
309 2745 387 2808 diligo
402 2745 491 2804 Deum,
506 2753 531 2794 et
563 2745 627 2794 inter
637 2761 683 2795 nos
695 2754 719 2794 et
730 2762 775 2795 vos
787 2747 862 2795 chaos
874 2762 995 2822 magnum

105 2808 204 2858 fratrem
224 2825 295 2857 suum
317 2809 403 2866 oderit,
426 2782 533 2858 mendax
563 2809 687 2858 firmatum
704 2817 755 2859 est:
771 2817 798 2858 ut
809 2811 837 2858 hi
851 2826 895 2874 qui
888 2811 995 2860 'volunt

107 2880 150 2919 est.
187 2872 238 2935 Qui
250 2875 315 2921 enirn
326 2889 377 2921 non
388 2845 468 2936 diligit
485 2873 531 2922 sra-
564 2872 623 2922 hinc
638 2875 741 2923 transire
756 2875 788 2922 ad
805 2890 858 2934 vos,
873 2890 925 2923 non
937 2890 994 2939 pos·

107 2943 252 2985 tremsuum
263 2952 337 3000 quem
348 2937 423 2995 videt,
438 2939 528 2996 Deum,
564 2938 621 2998 sint,
646 2953 725 3002 neque
751 2938 810 2987 iude
837 2938 888 2987 huc
915 2944 994 2988 trans·

108 3001 315 3062 quemnonvidet,
322 2973 532 3066 quomodopotest
564 3016 652 3051 meare
689 3003 723 3051 Et
735 3003 784 3052 ait
802 3003 876 3066 Rogo
888 3019 947 3067 ergo
959 3008 992 3063 te,

169 3075 202 3123 94
