2092 3450
274 115 347 174 aas
364 116 457 176 Saitae
473 119 674 177 alamannicus.

64 258 96 313 in
109 259 253 340 baneficos
272 273 303 334 et,
318 265 380 335 pius
399 285 466 322 usus
484 279 621 338 erogetur,
634 281 716 341 prout
735 272 867 328 Ministro
885 286 913 332 et

64 330 212 386 AEdllibus
225 334 316 388 visum
329 338 419 392 fuerit.
457 340 520 408 Qua
532 342 561 394 in
575 359 605 395 re
617 343 641 395 si
654 342 763 399 diverse
780 345 913 415 sentiant,

65 412 199 471 erogetur
210 415 293 474 prout
307 409 472 465 Ordinarius
485 414 695 483 praescripserit·

71 530 145 585 Cum
157 531 189 585 in
201 530 254 586 noc
263 531 369 586 Ordine
376 530 614 593 Adrnimstrandi
620 529 733 584 Canum
742 530 921 584 Dominicam

59 603 233 671 raseriptum
249 603 290 655 sit
305 607 339 655 nt
349 601 497 672 gemestcm
509 617 570 655 cam
581 602 747 670 percipiant
762 601 921 654 Communi-

59 677 151 736 mtes,·
167 671 261 741 (cujus
273 673 410 742 praecepti
422 671 474 725 leae
488 671 635 725 consilinm
651 676 698 738 cst,
711 671 837 739 illudque
852 671 920 739 opti-

59 757 124 808 rnm,
144 745 241 811 nempe
260 742 302 794 ad
317 743 345 795 si
363 741 536 811 nificandum
556 757 641 809 qnam
661 739 768 794 leumili
782 745 921 808 gratoque

59 811 135 864 nimo
148 810 258 865 Christi
266 758 393 880 banaiau
405 813 436 864 in
448 827 480 864 ca
492 811 620 865 amnibus
629 811 715 880 degne
726 810 922 880 accipientibus

59 881 141 934 illata
147 897 338 950 agnoscamus,
345 881 420 934 etad
425 881 573 935 vitandam
583 897 643 934 eam
652 880 864 933 irreverentiam
872 886 925 933 ant

59 951 227 1021 msusianem
245 967 308 1019 qna
322 951 450 1020 alioquin
463 952 539 1005 inter
556 951 674 1003 Sacram
695 950 921 1002 Communianem

59 1021 148 1073 roriri
156 1020 296 1088 possint:)
317 1026 410 1074 tamen
428 1037 463 1074 ne
478 1037 496 1073 a
511 1021 704 1090 quibusquam,
716 1025 769 1073 aut
780 1036 817 1072 ex
826 1020 921 1089 ignar-

59 1091 121 1144 ntia
132 1095 161 1143 et
170 1090 336 1159 infimitate
347 1096 443 1144 auter
452 1091 565 1144 malitia
576 1096 605 1144 ct
612 1091 778 1159 pertinacia,
790 1105 823 1141 ca
832 1106 921 1159 genu-

59 1159 127 1212 'ectio
136 1162 232 1228 prave
244 1160 424 1231 intelligatur
434 1160 483 1213 vel
494 1162 525 1214 in
539 1161 621 1230 pejus
632 1161 847 1228 detorqueatur:
864 1159 924 1212 Hie

59 1228 209 1296 celaratur,
220 1229 343 1283 Nullam
357 1233 414 1299 per
430 1247 491 1283 eam
511 1231 560 1283 vel
575 1231 685 1283 intendi
702 1230 750 1283 vel
757 1229 921 1298 faciendam

59 1314 94 1352 sse
105 1298 296 1352 adorationem
305 1306 357 1352 ant
367 1300 589 1354 Sacramentalis
596 1301 688 1352 Panis
698 1304 726 1352 et
740 1300 806 1352 Vini
815 1300 856 1352 ibi
865 1315 922 1351 cor-

59 1368 178 1422 aralitcr
183 1372 364 1437 acceptarum,
373 1376 426 1423 ant
433 1370 586 1439 corporalis
592 1371 758 1439 cujusquam
764 1370 924 1438 prasentia

59 1438 147 1492 ’earnis
157 1444 186 1491 et
195 1439 355 1510 Sanguinis
366 1441 545 1494 naturalium
556 1438 669 1493 Christi.
701 1438 924 1492 Sacramentalis

59 1508 114 1560 nim
136 1509 235 1575 Panes,
249 1514 277 1562 et
302 1509 412 1577 Vinum,
428 1511 460 1562 in
479 1526 539 1563 sna
552 1510 727 1579 proprietate
746 1515 858 1562 natura
878 1509 927 1561 vel

59 1579 203 1631 abstantia
214 1581 391 1647 permanent,
404 1580 516 1648 ideoque
528 1596 561 1632 ea
576 1580 694 1633 adorare
713 1595 769 1632 nan
789 1578 872 1632 licet:
893 1577 927 1630 ia’

59 1648 115 1701 aim
137 1647 299 1701 eeialalatrr'a
319 1654 393 1715 esset,
405 1649 440 1702 ab
460 1649 587 1702 amnibus
597 1649 732 1718 fidelibus
753 1647 924 1702 Christianis

59 1717 237 1771 luminanda.
267 1718 310 1771 Et
322 1719 432 1772 Christi
440 1719 602 1772 Salvataris
614 1720 706 1772 nostri
716 1718 847 1771 naturale
858 1719 881 1770 C
880 1733 923 1770 ar-

59 1804 101 1851 us,
113 1792 143 1840 et
152 1787 288 1858 Sanguis,
298 1804 354 1840 nan
365 1787 418 1856 liic,
430 1789 520 1841 sedin
529 1789 593 1841 cala
601 1793 687 1841 nent:
705 1787 837 1841 naturale
848 1787 922 1840 enim

59 1857 152 1911 ltresti
160 1856 268 1926 Corpus
279 1858 310 1909 in
321 1858 427 1910 duabus
434 1858 524 1911 simul
533 1858 599 1911 lacis
611 1858 764 1925 consistere,
772 1857 855 1910 salva
864 1857 924 1926 ejus

59 1927 169 1994 critate,
181 1926 240 1980 dici
248 1943 304 1979 nan
311 1931 409 1997 potest.
