2092 3450
288 209 362 267 &thu
381 205 473 264 Seuer
490 204 689 264 dammationis

58 366 97 421 do
106 367 213 421 Beatus
222 367 325 421 Paulus
334 383 432 422 omnes
442 383 488 421 co·
518 377 583 421 ante
601 365 697 421 omnia
715 383 831 421 necesse
850 375 893 421 est
911 377 941 421 ut

57 436 195 504 hortatur,
202 446 233 490 ut
242 438 319 506 prius
329 454 359 491 se
368 437 488 506 probent
519 438 590 504 Deo,
601 438 685 505 Patri,
696 438 776 504 Filio,
786 447 814 491 et
827 437 941 506 Spiritui

58 515 87 561 et
98 506 251 575 inspiciant
263 507 397 576 quamde
410 509 487 560 Pane
519 508 632 575 Sancto,
649 516 709 561 toto
730 507 823 560 cordis
841 508 943 561 affectu

58 576 106 630 illo
124 577 217 645 edere,
229 585 257 629 et
275 577 311 630 de
329 577 423 629 Calice
440 577 487 630 illo
517 577 622 644 gratias
660 577 802 630 humiliter
843 578 942 645 agatis,

58 645 301 712 bibereaudeant.
330 646 406 699 Nam
416 645 488 700 sicut
517 647 593 715 quod
607 647 744 700 mundum
759 647 877 700 redemit
892 663 943 715 per

59 715 216 769 admodum
224 717 391 770 salutareest
398 717 488 785 poeni-
520 716 684 770 Passionem
738 726 766 770 et
821 717 943 770 Mortem

58 785 129 839 tenti
141 786 227 840 corde
240 795 267 839 et
279 802 344 838 viva
355 785 410 839 fide
426 802 487 839 sac·
520 786 623 840 Christi
659 786 813 840 Salvatoris
842 787 940 851 nostri,

57 864 222 909 rosanctum
248 855 317 909 illud
346 855 487 936 percipere
518 857 573 908 Der
585 856 942 936 etHomrn1s‚qu1hum1h

59 925 292 980 Sacramentum:
319 924 396 992 (tunc
411 926 487 979 enim
517 926 575 978 avit
585 926 708 995 seipsum
720 943 808 995 usque
820 926 857 979 ad
869 943 942 979 mor·

61 994 167 1049 Christi
179 995 300 1048 Carnem
308 995 487 1065 splntualrter
517 1005 582 1063 tem,
595 1005 715 1049 mortem
727 1006 821 1049 autem
837 996 941 1062 Crucis

59 1064 179 1132 edimus,
191 1073 219 1118 et
232 1066 404 1133 Sanguinem
416 1065 487 1118 bibi·
517 1075 630 1134 propter
643 1081 696 1118 nos
710 1067 827 1119 miseros
844 1083 942 1134 pecca·

59 1150 141 1200 mus3
154 1134 185 1188 in
196 1135 308 1189 Christo
317 1135 486 1201 habitamus,
517 1145 599 1202 tores,
608 1152 656 1203 qur
666 1153 694 1189 1n
702 1135 825 1188 tenebrrs
833 1145 860 1189 et
869 1152 943 1189 mor

59 1213 87 1258 et
100 1204 249 1258 Cimstus
242 1222 272 1258 1n
281 1205 381 1268 nohis;
399 1221 487 1258 unum
517 1205 553 1257 tis
578 1205 678 1258 umbra
698 1205 881 1273 jacebamus:
911 1214 943 1258 ut

59 1273 197 1328 efficimur
220 1291 284 1327 cum
313 1275 433 1342 Christo,
459 1283 486 1327 et
517 1291 569 1328 nos
580 1275 635 1328 Dei
647 1275 719 1328 fflios
728 1275 856 1342 efficeret,
866 1283 893 1328 et
906 1275 942 1327 ad

58 1342 209 1398 nobiscum
247 1344 373 1397 Christus
384 1343 403 1412 3)
448 1343 488 1396 ita
517 1345 889 1398 vitamaeternamexaltaret.
904 1346 942 1398 Et

58 1414 146 1468 etiam
162 1413 238 1466 idem
255 1414 369 1481 indigne
384 1413 487 1482 accipi·
517 1423 547 1468 ut
556 1431 809 1483 sempermemores
817 1430 942 1468 essemus

58 1483 171 1537 entibus
181 1499 266 1551 grave
275 1483 486 1552 estpericulum.
517 1484 665 1537 ineffabilis
695 1485 768 1537 illius
797 1485 941 1537 charitatis

59 1554 142 1606 Tunc
157 1554 233 1606 enim
248 1554 288 1606 rei
305 1570 401 1607 sumus
420 1553 487 1605 Cor·
519 1555 648 1622 Magistri
656 1555 744 1607 nostri
754 1563 781 1607 et
793 1554 869 1607 unici
883 1555 941 1607 Sal·

58 1623 135 1692 poris
156 1631 185 1676 et
207 1623 357 1690 Sanguinis
383 1623 487 1676 Christi
516 1625 629 1690 tatoris
654 1625 722 1692 Jesu
755 1624 866 1688 Christi,
890 1640 941 1692 pro

60 1692 215 1747 Salvatoris
227 1693 334 1746 nostri:
350 1693 487 1761 judicium
517 1693 599 1746 nobis
616 1694 656 1746 ita
670 1694 781 1759 mortui,
794 1703 821 1747 et
837 1693 941 1746 benefi-

59 1762 143 1816 nobis
163 1762 368 1816 manducamus
393 1771 420 1815 et
444 1762 486 1815 bi·
516 1763 942 1843 cioruminnumerabiliumquae

58 1832 162 1899 bimus,
200 1849 259 1885 non
298 1832 486 1913 dijudicantes
516 1849 566 1901 per
574 1833 726 1901 pretrosam
737 1832 888 1900 Sanguinis
898 1850 941 1885 sur

62 1902 171 1971 Corpus
189 1902 323 1955 Domini:
342 1903 413 1955 iram
430 1902 485 1954 Dei
516 1902 680 1956 effusionem
695 1902 777 1956 nobis
797 1920 942 1971 compara·

59 1981 159 2025 contra
166 1988 219 2025 nos
227 1971 416 2038 accendimus,
423 1988 486 2040 pro
515 1973 563 2038 vit,
573 1980 672 2025 sancta
684 1972 744 2041 ipse
755 1973 908 2040 Mysteria'
901 1989 941 2025 rn-

58 2050 196 2095 vocantes
212 2057 276 2095 eum
292 2050 322 2095 ut
335 2058 388 2094 nos
400 2041 485 2094 variis
516 2042 605 2095 stituit
607 2051 761 2122 ‚tanquam
777 2042 880 2095 amoris
897 2043 940 2095 sui

59 2111 223 2165 morborum
231 2112 384 2180 mortrsque
395 2110 486 2180 plagis
515 2112 641 2180 pignora,
663 2122 691 2166 et
713 2112 742 2165 in
762 2111 860 2164 mortis
882 2129 941 2165 suae

59 2181 206 2262 percutiat
243 2181 404 2249 Dijudicate
419 2196 485 2248 ergo
516 2191 678 2261 perpetuam
700 2182 941 2235 commemoratio-

57 2251 256 2319 vosmetipsos‚
279 2250 387 2318 fratres,
408 2267 445 2304 ne
469 2267 487 2303 a
516 2250 941 2332 nem,adinsignemnostramet

60 2320 187 2374 Domino
196 2320 378 2389 Judrcemmr
396 2320 486 2389 poeni·
516 2319 793 2374 infinitamconsolat'
774 2330 887 2375 t.ronem
905 2322 941 2374 Ei

58 2398 117 2444 teat
137 2407 190 2443 vos
211 2390 283 2444 serio
306 2399 486 2471 peccatorum
516 2391 607 2458 igitur,
620 2407 685 2444 curn
698 2392 779 2444 Patre
791 2399 818 2444 et
836 2391 941 2460 Spiritu

58 2460 282 2529 praeteritorum:
313 2461 343 2513 in
374 2459 485 2513 Christo
517 2461 631 2526 Sancto,
642 2460 733 2530 (prout
745 2462 844 2514 merito
857 2461 941 2514 debe-

60 2530 208 2584 Salvatore
258 2529 486 2583 constantissime
515 2531 597 2598 mus‚)
611 2532 715 2598 gratias
732 2548 849 2598 agamus
864 2531 941 2583 inde·

58 2599 211 2654 confidite:
250 2615 343 2653 mores
377 2609 486 2653 vestros
516 2599 655 2665 ficientes3
668 2600 941 2670 sanctaeejusvolun-

58 2670 207 2738 corrigite·
226 2686 292 2737 erga
309 2685 407 2723 omnes
425 2686 487 2738 per·
515 2670 568 2722 tati
586 2679 660 2724 totos
678 2687 730 2723 nos
750 2670 939 2750 subjiciamus

58 2739 162 2794 sectam
181 2738 283 2792 habete
302 2739 485 2792 charitatem:
516 2748 544 2793 et
565 2739 590 2793 ei
610 2740 640 2792 in
658 2757 725 2792 vera
744 2739 893 2792 sanctitate
912 2749 940 2792 et

59 2809 98 2864 ita
122 2808 200 2864 enim
228 2808 306 2876 digni
336 2808 413 2862 eritis
437 2807 484 2877 qui
512 2809 629 2890 justitia,
668 2808 798 2862 omnihus
841 2808 940 2862 diebus

58 2879 178 2934 istorum
187 2878 485 2946 Mysteriorumsacro·
515 2879 581 2933 vitae
593 2887 697 2933 nostrae
710 2879 812 2931 servire
829 2878 939 2931 studea·

57 2948 193 3004 rumsitis
202 2948 360 3018 participes
392 2949 486 3002 Sedet
515 2965 584 3002 mus
621 2948 723 3003 Amen.
