2092 3450
69 196 129 241 lut-s
148 194 221 240 wll.
464 190 574 255 insulan.
837 194 880 239 ,al
891 195 953 241 ilari.

103 341 209 392 Custodi
221 341 395 402 innocentiam,
405 346 429 391 et
439 340 497 390 vide
561 340 678 400 Domine,
700 347 758 390 ante
778 348 802 390 te
818 357 893 391 omne
912 343 953 392 de·

67 407 234 470 aequitatem:
250 407 368 471 quoniam
386 413 444 455 sunt
460 421 496 454 re·
527 404 644 454 siderium
669 420 752 453 meum
773 423 779 454 z
802 413 827 454 et
848 407 954 469 gemitus

68 470 87 519 li
106 470 155 520 uiae
166 470 261 520 homini
272 470 383 536 pacifico.
528 484 597 518 meus
608 485 624 518 a
634 478 659 519 te
670 484 721 518 non
732 477 769 518 est
784 471 950 520 absconditus

117 534 194 598 njusti
205 541 288 585 autem
301 535 455 599 disperibunt
465 533 497 583 si·
562 533 614 582 Cor
623 549 707 583 meum
723 534 895 583 conturbatum
907 542 951 593 est,

67 598 123 648 mul
143 616 150 649 a
173 599 282 664 reliquiae
304 599 437 664 impiorum
459 598 497 647 in·
528 597 658 662 dereliquit
677 614 718 647 me
734 599 809 648 virtus
825 615 882 647 mea
902 617 908 648 a
930 607 954 647 et

68 663 188 712 teribunt.
528 661 612 711 lumen
639 663 766 711 oculorum
793 678 904 712 meorum
929 672 954 712 et

101 727 178 778 Salus
187 735 270 777 autem
281 726 404 791 justorum
416 743 431 776 a
445 727 497 776 Do·
528 726 610 790 ipsum
620 742 672 775 non
683 733 719 776 est
730 743 834 776 mecum.

68 791 162 840 mino:
182 798 207 841 et
241 800 349 841 rutector
367 807 453 841 eorum
471 793 498 840 in
562 790 645 839 Amici
658 791 707 840 mei
724 798 748 840 et
764 791 871 855 proximi
887 793 954 840 mei:

67 807 487 970 teterrinum
529 855 954 921 pq

488 955 495 980 r
586 954 593 976 v
762 954 768 967 ·

67 991 94 1034 et
112 983 227 1034 liberabit
245 999 288 1034 eos
306 1001 314 1035 a
331 991 356 1033 et
372 992 440 1034 eruet
456 1001 498 1034 eos
562 984 596 1031 Et
615 983 658 1048 qui
675 983 747 1046 juxta
768 998 809 1033 me
825 992 901 1041 erant,
923 985 954 1033 de

67 1064 84 1097 a
98 1049 280 1124 peccatoribus,
294 1055 319 1099 et
329 1049 434 1098 salvabit
445 1064 495 1106 eos,
528 1047 603 1110 longe
618 1054 737 1096 steterunt
752 1065 758 1096 ε
775 1056 800 1096 et
814 1049 866 1096 vim
882 1049 954 1097 iacie-

66 1128 130 1178 quia
139 1119 300 1178 speraverunt
310 1113 337 1162 in
347 1129 385 1163 eo.
529 1112 590 1160 bant
611 1111 654 1175 qui
681 1112 824 1176 quaerebant
846 1113 954 1161 animam

529 1190 617 1226 meam.

563 1240 595 1288 Et
605 1240 647 1304 qui
656 1239 812 1304 inquirebant
820 1241 887 1288 mala
893 1241 955 1289 mihi

482 1310 487 1320 '
556 1304 606 1353 cuti
622 1310 679 1352 sunt
690 1304 810 1353 vanitates
825 1322 831 1353 ε
848 1313 873 1354 et
883 1305 955 1354 dolos

137 1391 268 1442 Psuuus
284 1391 436 1442 XXXVIII·
530 1375 583 1417 iota
593 1368 635 1417 dle
645 1369 834 1418 meditabantur.

137 1491 267 1551 ΟΜΙΝΕ,
281 1507 313 1541 ne
323 1492 350 1542 in
364 1493 445 1569 surore
456 1500 499 1569 tuo
529 1433 727 1545 noffgui'uuiiiffl
734 1433 956 1546 tpqqqpppssffiqp:

170 1570 258 1620 arguas
266 1572 306 1605 me
318 1574 324 1605 ε
340 1572 455 1622 nequem
463 1574 500 1606 rra
530 1577 580 1609 non
592 1561 703 1625 aperiens
715 1576 832 1610 ossuum.

71 1627 114 1670 tua
126 1620 245 1684 corripias
255 1636 302 1669 me.
563 1626 596 1674 Et
618 1626 696 1674 sactus
718 1640 773 1673 sum
795 1624 858 1674 sicut
879 1625 956 1675 homo

105 1684 233 1747 Quoniam
246 1685 341 1748 sagittae
353 1692 402 1735 tuae
417 1686 499 1735 infixae
530 1705 582 1738 non
592 1690 712 1738 audiens:
728 1696 753 1738 et
764 1704 814 1738 non
826 1690 919 1739 babens
930 1691 957 1738 in

71 1755 130 1798 sunt
140 1748 204 1798 mihi
214 1766 221 1798 ε
232 1755 257 1798 et
267 1749 416 1800 confirmasti
426 1766 500 1815 super
530 1769 573 1803 ore
584 1769 629 1802 suo
640 1753 832 1816 redargutiones.

72 1828 114 1862 me
124 1827 227 1861 manum
238 1819 313 1863 tuam.
564 1818 689 1879 Quoniam
717 1817 744 1866 in
774 1823 806 1877 te,
837 1818 953 1877 Domine,

12 1907 15 1910 ‹
104 1876 168 1926 Non
179 1884 216 1926 est
227 1878 318 1927 sanitas
328 1879 355 1926 in
364 1893 437 1928 carne
444 1894 500 1928 mea
531 1881 627 1945 speravi
642 1899 648 1930 ε
665 1888 693 1930 tu
709 1882 824 1931 exaudies
839 1898 887 1941 me,
903 1883 956 1931 Do·

73 1939 164 1991 aiacie
177 1940 222 1990 irae
237 1948 286 1991 true
306 1959 312 1991 ε
332 1957 383 1992 non
398 1950 434 1992 est
450 1959 499 2008 pax
530 1947 597 1994 mine
609 1945 678 1994 Deus
689 1961 764 1995 meus.

74 2005 171 2054 ossibus
181 2005 242 2055 meis
251 2005 335 2056 afacie
343 2014 500 2071 peccatorum
564 2010 631 2072 Quia
647 2010 706 2068 dixi,
721 2010 955 2075 Nequandosuper·

74 2084 195 2119 meorum.
530 2074 655 2137 gaudeant
664 2074 726 2123 mihi
739 2075 832 2124 inimici
842 2075 892 2124 mei
907 2093 913 2124 ε
933 2084 957 2124 et

108 2133 235 2196 Quoniam
266 2134 408 2199 iniquitates
438 2151 501 2192 meae
531 2139 590 2186 dum
608 2145 794 2187 commoventur
809 2140 885 2204 pedes
897 2141 954 2200 mei,

75 2213 239 2262 supergressae
249 2208 306 2249 sunt
319 2208 393 2264 eaput
403 2216 501 2250 meum:
532 2218 605 2266 super
615 2219 656 2252 me
666 2219 758 2266 magna
768 2203 843 2252 locuti
855 2212 917 2253 sunt.

75 2268 100 2311 et
125 2262 189 2312 sicin
215 2277 278 2312 onus
297 2278 373 2328 grave
393 2273 501 2328 gravatae
565 2267 690 2329 Quoniam
704 2267 898 2331 egoinllagella
913 2284 955 2332 pa·

76 2333 134 2376 arnt
144 2341 276 2390 supernae.
532 2338 598 2380 ratus
617 2347 672 2380 sum
686 2348 693 2380 ε
709 2339 734 2380 et
753 2331 826 2380 dolor
844 2348 913 2382 meus
930 2333 957 2380 in

108 2390 258 2440 Putruerunt
269 2398 292 2441 et
307 2400 428 2468 corruptae
444 2400 501 2442 sunt
532 2403 665 2459 conspectu
676 2411 732 2445 meo
743 2411 846 2460 semper.

76 2455 203 2504 cicatrices
216 2471 297 2506 meoez
313 2473 329 2506 a
339 2456 401 2506 lacre
416 2457 501 2522 insipi·
565 2460 690 2522 Quoniam
704 2461 859 2524 iniquitatem
875 2475 956 2509 meam

76 2519 151 2594 entiae
161 2533 231 2570 neas.
532 2525 683 2574 annuntiabo
702 2542 708 2573 r
730 2532 755 2574 et
778 2525 892 2588 cogitabo
911 2540 957 2588 pro

109 2583 189 2632 Miser
198 2583 377 2636 lactussumet
388 2593 501 2636 curvatus
532 2595 710 2652 peccatomeo.

76 2663 132 2697 sum
147 2648 267 2713 usquein
279 2649 354 2700 finem
369 2668 376 2700 ε
392 2657 446 2700 tota
460 2651 502 2700 die
565 2653 663 2702 Inimici
679 2661 761 2702 autem
775 2652 826 2701 mei
836 2652 921 2700 vivunt
932 2660 956 2700 et

76 2711 235 2762 contristatus
245 2712 406 2777 ingrediebar.
533 2716 670 2766 confirmati
689 2730 745 2766 sunt
765 2731 838 2779 super
853 2731 894 2764 me
909 2733 915 2764 r
932 2725 956 2765 et

109 2776 236 2839 Quoniam
252 2776 330 2827 lumbi
344 2779 394 2829 mei
405 2779 501 2844 impleti
531 2781 688 2844 multiplicati
710 2787 767 2830 sunt
788 2779 831 2845 qui
852 2780 956 2829 oderunt

76 2847 135 2891 suut
152 2840 307 2892 illusionibus
325 2861 332 2892 r
351 2851 377 2893 et
394 2859 446 2895 non
464 2851 501 2898 est
531 2861 572 2894 me
583 2847 672 2910 inique
954 2871 957 2876 ’

77 2904 362 2958 sanitasincarnemea.
565 2910 616 2972 Qui
632 2909 768 2958 retribuunt
779 2907 845 2957 mala
855 2924 901 2972 pro
911 2909 955 2958 bo-

108 2967 224 3018 Afflietus
241 2985 295 3021 aum
317 2977 341 3021 et
359 2971 501 3022 humiliatus
532 2974 570 3023 nis
581 2973 742 3022 detrahebant
748 2972 810 3022 mihi
822 2989 829 3023 a
839 2975 956 3038 quoniam

76 3033 502 3103 mmuimisarngiebamagemitu
576 3038 653 3086 uebar
661 3037 805 3087 bonitatem.

77 3096 226 3149 ootdiamei.
532 3053 971 3170 se1llederelinquasnuabonixne

140 3172 191 3210 220
