2092 3450
72 196 132 242 Dies
143 196 248 245 XXIX.
455 192 564 260 {ganimi
832 196 878 243 Ad
886 196 950 242 Mat.

75 329 147 443 glum
168 337 281 381 sanctum
303 338 381 394 tuum,
401 339 425 382 et
445 349 502 382 con·
534 330 625 390 omnia,
642 329 776 381 novissima
795 337 819 380 et
838 331 961 396 antiqua:

94 395 280 445 teborNomini
291 404 342 447 tuo.
534 405 561 445 tu
587 396 713 446 formasti·
724 411 772 456 me,
803 403 828 445 et
859 396 961 460 posuisti

108 459 192 523 Super
216 460 384 511 misericordia
409 468 453 511 tua
478 469 502 511 et
534 476 656 524 superme
666 475 768 509 manum
778 467 854 510 tuam.

74 524 179 573 veritate
197 526 390 590 tuaequoniam
408 528 502 590 magni·
566 525 689 574 Mirabilis
710 524 775 574 iacta
797 533 833 573 est
859 525 962 574 scientia

74 586 154 636 ficasti
186 603 261 653 super
293 605 366 639 omne
402 589 502 640 Nomen
534 596 577 637 tua
595 605 625 638 ex
643 605 684 639 me
698 588 853 639 :confortata
871 598 915 648 est,
937 597 961 638 et

71 658 187 701 sanctum
197 661 274 702 tuum.
533 669 585 702 non
595 661 683 718 potero
694 655 726 702 ad
738 669 800 702 earn.

107 715 300 782 Inquacumque
307 718 349 768 die
356 718 502 769 invocavero
567 718 624 781 Quo
645 718 688 767 ibo
707 734 723 767 a
745 717 838 782 Spiritu
857 719 920 767 tuo?
937 726 960 766 et

72 787 106 840 te,
120 781 210 830 exaudi
220 797 261 831 me
275 782 468 848 :multiplicabis
477 785 502 833 in
534 797 583 846 quo
594 798 610 830 a
619 783 681 832 facie
692 790 735 831 tua
745 783 858 845 fugiam?

71 845 158 894 anima
169 861 225 895 mea
232 846 354 897 virtutem.
566 846 594 896 Si
613 847 745 896 ascendero
767 847 793 895 in
815 846 913 906 coelum,
934 853 961 895 tu

106 908 279 961 Confiteantur
299 912 352 972 tibi,
384 911 497 973 Domine,
532 910 582 959 illic
591 912 664 961 es:si
676 911 826 961 descendero
843 912 869 959 in
888 911 960 960 inser·

72 989 160 1023 omnes
171 990 241 1038 reges
256 979 330 1026 terrae
344 977 421 1040 :quia
432 979 500 1027 audi·
531 990 599 1034 num,
612 975 676 1024 ades

71 1045 145 1087 munt
156 1040 240 1089 omnia
248 1041 325 1090 verba
334 1041 383 1090 oris
394 1042 438 1091 tui.
565 1039 593 1089 Si
619 1055 746 1103 sumpsero
772 1055 865 1103 pennus
892 1055 960 1089 meas

106 1103 141 1152 Et
158 1105 294 1154 cantentin
312 1105 358 1155 viis
377 1105 500 1156 Domini:
531 1103 641 1152 diluculo
655 1111 698 1153 :et
718 1104 862 1154 habitavero
874 1105 899 1153 in
919 1121 960 1154 ex-

70 1167 192 1280 ffimiam
225 1184 316 1232 magna
353 1178 390 1220 est
422 1172 501 1235 gloria
531 1167 614 1216 tremis
624 1168 717 1228 maris;

114 1231 184 1280 mini.
564 1232 664 1280 Etenim
681 1232 741 1282 illuc
759 1247 846 1282 manus
857 1239 900 1281 tua
917 1232 959 1281 de-

106 1295 232 1358 Quoniam
242 1298 352 1349 excelsus
367 1299 497 1360 Dominus,
531 1296 605 1345 ducet
614 1312 656 1346 me
670 1314 676 1347 r
688 1306 712 1346 et
731 1297 824 1346 tenebit
843 1312 884 1346 me
901 1297 960 1345 dex·

70 1367 97 1408 et
112 1360 218 1410 hmnilia
233 1363 332 1426 respicit
348 1382 355 1414 r
372 1371 396 1412 et
415 1364 466 1413 alta
484 1380 499 1413 a
531 1368 583 1409 tera
593 1367 642 1409 tua

68 1423 289 1488 longeoognoscit.
564 1425 597 1474 Et
623 1425 682 1485 dixi,
708 1426 822 1475 Forsitan
852 1426 959 1474 tenebrae

105 1489 134 1538 Si
144 1490 303 1540 ambulavero
314 1490 341 1540 in
357 1492 440 1541 medio
458 1494 499 1543 tri.
531 1489 709 1540 conculcabunt
726 1505 767 1538 me
780 1506 785 1538 :
800 1496 823 1538 et
835 1503 884 1538 nox
903 1489 959 1538 illu·

68 1552 213 1614 bulationis,
233 1555 369 1605 vivificabis
391 1572 431 1607 me
452 1575 459 1607 2
475 1568 500 1606 et
530 1554 633 1603 minatio
645 1570 702 1603 mea
709 1555 736 1603 in
747 1554 842 1603 deliciis
852 1554 921 1602 meis.

69 1619 380 1681 superimmiuimicorum
388 1636 499 1671 meorum
564 1617 631 1680 Quia
650 1619 757 1668 tenebrae
774 1633 825 1667 non
846 1618 960 1667 obscura·

69 1682 204 1732 extendisti
236 1699 337 1733 manum
364 1693 440 1746 tuam,
476 1694 500 1736 et
530 1681 690 1742 bunturate,
705 1690 729 1732 et
751 1698 801 1731 uox
823 1682 886 1731 sicut
906 1682 959 1731 dies

68 1745 167 1795 salvum
177 1763 219 1796 me
229 1748 286 1797 fecit
297 1749 398 1799 dextera
408 1757 457 1800 tua,
530 1746 709 1795 illuminabitur
738 1764 745 1796 r
767 1746 829 1795 sicut
850 1746 958 1795 tenebrae

103 1808 226 1861 Dominus
244 1813 361 1863 retribuet
371 1830 418 1878 pro
437 1831 478 1864 me
491 1834 500 1876 ;
531 1809 590 1873 ejus,
602 1811 638 1859 ita
649 1818 673 1860 et
681 1811 765 1860 lumen
776 1810 835 1873 ejus

69 1871 188 1935 Domine,
217 1876 385 1928 misericordia
412 1886 455 1928 tua
473 1881 500 1929 in
563 1875 630 1937 Quia
662 1882 689 1924 tu
718 1874 851 1950 possedisti
890 1890 959 1923 renes

68 1938 189 1988 saeculurn
203 1956 298 2016 :opera
316 1958 435 1992 manuum
447 1952 499 1994 tua·
529 1954 598 1988 meos
611 1955 617 1988 :
630 1939 757 2003 suscepisti
778 1954 819 1988 me
836 1939 868 1988 de
889 1946 959 1987 utero

68 2017 125 2052 rum
137 2019 169 2053 ne
180 2005 306 2069 despicias.
530 2003 615 2053 matris
625 2019 696 2053 meae.

563 2067 708 2117 Confitebor
724 2068 770 2117 tibi
788 2067 848 2132 quia
864 2067 959 2116 terribi-

530 2131 586 2180 liter
596 2132 766 2195 magnificatus
777 2147 804 2181 es
818 2150 825 2182 ε
836 2131 959 2180 mirabilia

74 2215 144 2262 liras
158 2215 257 2266 XXIX.
285 2214 492 2275 &matutinas
528 2211 607 2310 38⁶3
617 2197 804 2310 &gisilam
824 2211 881 2245 Μ
902 2211 959 2258 ⁶⁰3·

136 2346 268 2396 Psnuuus
281 2347 430 2398 CXXXIX.
528 2404 544 2437 a
560 2325 827 2439 {onricssiioetglclilitaiff
836 2339 958 2438 Qffim

129 2447 257 2525 0M1NE,
276 2450 387 2514 probasti
405 2467 453 2512 me,
474 2459 498 2502 et
529 2461 553 2502 et
561 2405 697 2503 subite-ntia
719 2470 775 2503 mea
793 2455 819 2502 in
837 2453 956 2502 inferiori·

152 2514 289 2576 cognovisti
296 2530 337 2564 me
350 2533 356 2565 r
368 2523 396 2565 tu
407 2531 497 2580 cogno·
527 2518 574 2567 bus
585 2527 662 2568 terrae.

66 2576 126 2626 visti
137 2577 270 2627 sessionem
281 2594 371 2640 meam,
385 2587 409 2629 et
420 2597 497 2630 resur·
561 2582 735 2646 Imperfectum
745 2597 828 2632 meum
843 2581 956 2630 viderunt

66 2640 203 2691 rectionem
213 2657 302 2693 meam.
528 2645 593 2695 oculi
604 2647 648 2707 tui,
662 2655 687 2696 et
698 2648 724 2696 in
735 2647 799 2695 libro
810 2652 854 2694 tuo
871 2660 957 2694 omnes

101 2705 248 2755 Intellexisti
259 2708 420 2771 cogitationes
430 2725 498 2759 meas
527 2711 663 2761 scribentur
685 2727 692 2761 ε
711 2711 764 2760 dies
775 2709 952 2767 formabuntur,

67 2770 102 2819 de
123 2769 198 2834 longe
212 2772 344 2822 :semitam
365 2789 448 2822 meam
473 2780 498 2823 et
528 2782 553 2824 et
563 2791 637 2824 nemo
648 2775 674 2824 in
685 2775 727 2824 eis.

67 2833 206 2884 funiculum
216 2850 300 2884 meum
311 2836 470 2902 investigasti.
561 2840 626 2887 Mihi
644 2847 726 2887 autem
745 2838 818 2887 nimis
839 2836 956 2886 honorifi-

104 2899 235 2949 Etomnes
251 2899 304 2949 vias
322 2916 396 2951 meas¹
411 2905 498 2966 praevi·
528 2903 579 2952 cati
607 2909 664 2951 sunt
691 2903 764 2951 amici
794 2901 837 2962 tui,
866 2900 955 2952 Deus:

69 2963 130 3012 disti
143 2963 221 3028 squia
241 2973 349 3015 nonest
370 2981 451 3017 sermo
472 2968 498 3017 iu
528 2967 601 3016 nimis
623 2966 773 3017 confortatus
796 2975 832 3016 est
865 2966 955 3029 princi·

67 3028 155 3091 lingua
164 3043 228 3078 mea.
529 3039 601 3096 patus
612 3047 703 3080 eorum.

101 3092 175 3151 Ecce,
190 3091 304 3154 Domine,
318 3103 347 3145 tu
362 3096 498 3160 cognovisti
561 3093 730 3147 Dinumerabo
755 3111 810 3158 eos,
832 3104 861 3145 et
885 3108 962 3156 supe

135 3168 184 3219 309
