2092 3450
53 154 117 200 Dies
129 155 205 203 XIX.
444 155 554 220 insalml.
809 159 854 205 Ad
868 159 931 221 Vesp.

58 300 115 346 mul
147 283 243 348 mdntes
277 299 441 358 exsultabunt,
472 315 488 347 a
640 299 769 347 PsALMUS
787 297 814 347 C.

58 371 194 426 conspectu
228 363 352 412 D⁰¹1¹l1¹i²
369 363 487 428 q¹¹⁰¹¹i³m
552 399 712 450 UBILATE
730 399 786 448 Deo
807 398 888 448 omnis
898 405 945 447 ter·

57 426 354 476 venit'udicareterram.
524 400 545 539 J
632 481 638 494 1
721 463 727 475 ,
851 463 857 474 .
922 466 925 474 Ι

91 492 125 555 Ju
144 491 219 541 'cubit
230 492 316 541 orbem
331 499 450 541 termnum
461 492 488 540 in
512 536 527 550 ι
583 470 754 578 ἷὲῇυίθῐνῑῑθ
781 463 893 512 Dommo
920 480 946 512 m

56 555 154 618 lustitia
168 572 175 604 ²
191 562 216 605 et
238 555 344 620 popm
367 557 393 605 in
412 557 487 621 aeqlfi‘
553 591 656 641 Introite
673 592 700 640 in
718 598 852 656 conspectu
874 590 946 655 ejus:

59 627 120 668 ωε·
519 655 546 704 in
557 656 725 705 exsultatione.

554 721 648 771 Scitote
674 720 791 785 quoniam
824 720 947 768 Dominus

154 769 282 819 PSALMUS
299 769 397 821 XCIX·
520 785 574 848 ipse
591 792 628 834 est
642 785 710 833 Deus
725 803 731 834 ε
747 785 801 849 ipse
816 783 874 833 fecit
890 800 943 843 nos,

63 879 271 1005 Duru
553 913 733 988 ι»

520 977 572 1026 e'us
589 978 689 1027 introite
717 984 783 1026 ortas
794 976 945 1026 e'usincon·

59 1023 137 1121 ἓξὲξ
180 1009 256 1058 ehem
273 1025 316 1068 ¹m’
362 1016 491 1058 m⁰v⁸at¹¹¹
519 993 645 1091 felsslone:
662 993 946 1105 atrllaejusilrhymnis;

95 1136 219 1186 Dominus
238 1137 264 1186 in
285 1137 346 1187 Sion
363 1153 489 1202 magnus:
520 1105 671 1155 ⁰⁰¹¹f¹tem¹m
682 1105 725 1155 1111·

60 1207 87 1249 et
98 1201 208 1250 excelsus
219 1217 293 1265 super
308 1217 394 1251 omnes
411 1218 488 1267 popu·
519 1170 945 1294 nissuffillrisllgslllellollrllluslul'n

59 1265 106 1314 1⁰s'
520 1306 638 1348 aetemum
654 1298 822 1348 misericordia
832 1298 905 1360 ejus:
922 1309 945 1346 et

94 1329 266 1379 Confiteantur
301 1331 406 1379 Nemini
446 1339 490 1380 tuo

466 1402 491 1444 et
519 1379 596 1426 usque
607 1365 633 1411 in
643 1363 826 1426 generationem
837 1372 862 1411 et
872 1379 944 1426 gene.

59 1409 153 1457 magno
160 1412 167 1455 ;
193 1395 310 1459 quoniam
337 1395 445 1444 terribile

59 1465 174 1507 sanctum
196 1466 258 1507 est:
281 1467 306 1508 et
324 1459 405 1508 honor
425 1460 489 1523 regis

58 1521 182 1585 judicium
193 1522 281 1587 diligit.
767 1539 770 1546 ·

94 1586 135 1635 Tu
143 1587 234 1651 parasti
242 1587 388 1637 directiones
403 1605 409 1637 ε
424 1587 488 1651 judi·
633 1562 762 1611 Psmtus
780 1560 823 1611 CI·

61 1650 128 1698 cium
147 1659 172 1700 et
189 1651 310 1714 justitiam
324 1653 350 1701 in
365 1653 445 1716 Jacob
462 1660 488 1701 tu
603 1650 945 1713 ISERICORDIAMetju-

61 1713 148 1764 iecisti.
634 1716 748 1765 dicium:
764 1714 870 1764 cantabo
890 1715 943 1774 tibi,

93 1779 209 1829 Exaltate
240 1781 377 1830 Dominum
405 1782 488 1830 Deum
520 1781 635 1829 Domine.

59 1851 180 1903 nostrum,
195 1852 220 1894 et
236 1845 337 1894 adorate
352 1845 487 1895 scabellum
552 1845 659 1894 Psallam
677 1852 701 1894 et
717 1843 854 1906 intelligam
869 1844 895 1891 in
906 1844 947 1892 via

60 1907 152 1970 pedum
162 1908 215 1971 ejus
229 1927 236 1958 z
252 1910 369 1973 quoniam
377 1916 489 1959 sanctum
518 1909 676 1958 immaculata
691 1907 808 1973 :quando
814 1909 897 1957 venies
913 1909 946 1957 ad

61 1979 104 2021 est
519 1989 566 2022 me.

94 2036 196 2100 Moyses
207 2046 231 2087 et
240 2039 326 2087 Aaron
339 2039 365 2087 in
377 2039 488 2088 sacerdo·
552 2037 758 2086 Perambulabam
769 2036 795 2085 in
806 2037 947 2085 innocentia

59 2099 126 2149 tibus
135 2100 208 2164 ejus:
225 2109 248 2150 et
258 2102 358 2151 Samuel
366 2102 485 2163 intereos,
519 2103 600 2152 cordis
619 2103 690 2151 mei:
707 2102 733 2150 in
752 2101 835 2150 medio
857 2101 946 2150 domus

60 2163 104 2229 qui
114 2165 231 2215 invocant
242 2166 344 2216 Nomen
355 2167 407 2229 ejus
422 2185 429 2216 ε
518 2183 588 2216 meae.

92 2227 247 2280 invocabant
281 2231 425 2290 Dominum,
463 2240 488 2281 et
551 2230 788 2295 Nonproponebam
796 2230 946 2278 anteoculos

59 2292 113 2357 ipse
122 2295 268 2344 exaudiebat
277 2311 319 2344 eos
333 2312 340 2344 r
357 2296 384 2344 in
395 2297 487 2345 colum·
519 2311 587 2344 meos
605 2311 658 2344 rem
675 2294 792 2357 injustam
807 2311 813 2343 ι
830 2293 946 2343 facientes

59 2374 93 2406 na
103 2358 177 2408 nubis
187 2359 334 2423 loquebatur
344 2361 377 2408 ad
389 2376 437 2409 eos.
518 2359 731 2423 praevaricationes
742 2357 816 2408 odivi

93 2421 486 2488 Custodiebanttestimoniaejus:
551 2424 611 2473 Non
631 2423 735 2473 adhaesit
752 2422 815 2471 mihi
832 2437 874 2472 cor
890 2439 945 2486 pra-

59 2493 84 2535 et
95 2495 247 2551 praeceptum
258 2489 325 2552 quod
336 2489 406 2538 dedit
416 2489 472 2538 illis.
517 2505 576 2536 vum
591 2506 598 2537 ε
614 2489 779 2538 declinantem
798 2502 814 2535 a
831 2503 872 2535 me
894 2503 945 2535 ma-

92 2551 202 2601 Domine
218 2553 287 2602 Deus
303 2560 393 2614 noster,
407 2560 435 2602 tu
446 2570 486 2602 ex·
517 2552 611 2616 lignum
622 2569 673 2602 non
685 2551 872 2616 cognoscebam.

59 2615 178 2664 audiebas
189 2632 231 2666 eos
239 2633 246 2677 ;
263 2618 340 2676 Deus,
360 2624 387 2666 tu
402 2619 485 2682 propi·
550 2615 946 2679 Detrahentemsecretoproximo

59 2680 107 2728 tius
124 2679 192 2729 fuisti
209 2681 266 2730 eis:
283 2689 307 2731 et
325 2681 444 2731 ulciscens
460 2683 486 2731 in
519 2697 563 2730 suo
579 2700 585 2730 :
601 2682 667 2731 hunc
678 2680 848 2746 persequebar.

58 2760 144 2793 omnes
155 2745 342 2795 adinventiones
353 2762 443 2795 eorum.
552 2746 665 2810 Superbo
676 2745 757 2804 oculo,
771 2751 796 2792 et
812 2743 945 2794 insatiabili

92 2808 207 2859 Exultate
237 2810 375 2859 Dominum
403 2811 485 2859 Deum
519 2811 614 2859 corde:
631 2825 687 2858 cum
697 2810 746 2858 hoc
757 2823 807 2857 non
819 2808 931 2857 edebam.

57 2879 177 2933 nostrum,
199 2880 224 2923 et
241 2874 342 2924 adorate
358 2875 384 2923 in
400 2883 486 2924 monte
551 2874 624 2923 Oculi
635 2874 685 2923 mei
696 2872 821 2922 adfideles
830 2878 908 2933 terrae,
917 2880 946 2921 ut

57 2945 144 2987 sancto
161 2938 236 3000 ejus:
252 2939 370 3003 quoniam
387 2948 485 2989 sanctus
518 2939 619 2988 sedeant
638 2953 735 2986 mecum
750 2954 756 2986 ε
773 2935 902 2985 ambulans
918 2937 944 2985 in

58 3002 181 3052 Dominus
192 3003 262 3052 Deus
273 3011 362 3053 noster.
518 3003 560 3051 via
570 3002 735 3062 immaculata,
742 3000 783 3050 hic
791 2999 852 3049 mihi
861 3001 944 3050 minis·

519 3067 607 3116 trabat

519 1429 641 1477 rationem
648 1427 737 1477 veritas
748 1427 807 1491 ejus.

121 3130 167 3178 281
