2092 3450
381 133 532 193 ditaturum
548 137 630 195 fictio.

94 288 196 337 Vanum
207 294 243 336 est
254 287 324 336 vobis
335 295 392 336 ante
408 286 487 336 lucem
520 285 733 336 beranosamalo.
757 286 901 350 Quintuum
911 295 945 336 est

59 367 161 416 surgere
176 370 182 400 ε
198 352 289 414 surgite
305 359 437 416 postquam
452 367 488 400 se·
520 367 631 414 regnum,
646 351 767 410 Potentia,
781 360 805 400 et
816 352 902 415 gloria,
915 353 946 400 In

60 416 156 474 deritis,
170 417 213 480 qui
229 416 382 465 manducatis
398 431 488 480 panem
520 415 773 471 saeculasaeculorum.
810 417 900 464 Amen.

61 480 164 529 doloris.
551 478 673 529 Minister.
696 479 796 530 Salvam
816 480 855 529 sac
873 481 946 528 istam

97 544 161 594 Cum
190 544 287 593 dederit
316 544 412 593 dilectis
439 545 489 592 suis
520 544 635 594 ancillam
647 552 722 592 tunm.

61 624 179 657 somnum
197 627 203 658 ε
220 624 276 658 ecce
293 609 416 658 hereditas
436 609 489 657 Do·
506 638 508 642 ·
550 608 628 671 Resp.
648 607 764 668 Domine,
774 615 913 672 sperantem
921 608 946 656 in

62 673 125 721 mini
137 673 199 734 filii3
215 689 315 733 merces,
328 673 420 722 fructus
431 689 491 722 veu-
520 681 552 722 te.

62 738 114 786 tris.
551 737 672 786 Minister.
694 737 756 786 Esto
773 737 804 797 ei,
825 737 942 796 Domine,

97 801 168 851 Sicut
189 801 285 864 sagittae
307 801 333 849 in
352 817 427 850 manu
444 816 489 866 po·
520 801 593 850 turris
604 801 760 850 fortitudinis.

63 866 139 914 tentis
154 884 160 913 :
177 866 211 914 ita
222 865 266 914 filii
278 881 440 914 excussorum.
550 869 626 928 Resp.
651 867 676 914 A
688 865 750 914 facie
761 864 860 914 inimici.

97 930 189 978 Beatus
204 930 242 978 vir
258 930 301 994 qui
320 930 432 994 implevit
447 929 489 978 de·
549 933 671 981 Minister.
705 931 821 990 Domine,
857 930 946 979 exaudi

62 994 182 1043 siderium
197 1009 269 1049 suum
288 1010 319 1043 ex
334 994 394 1058 ipsis
414 1012 421 1043 z
438 1010 490 1043 non
521 994 658 1044 orationem
669 1001 785 1042 nostram.
896 1009 897 1012 ¹

62 1058 227 1107 confundetur
242 1074 299 1107 cum
314 1058 428 1123 loquetur
443 1059 489 1107 ini·
551 1057 627 1135 Resp.
657 1059 691 1106 Et
707 1058 800 1107 clamor
816 1064 899 1109 noster
914 1060 946 1107 ad

62 1123 136 1171 micis
146 1123 196 1171 suis
207 1124 233 1171 in
244 1131 322 1186 porta
521 1129 546 1172 te
556 1129 646 1172 vemat.

97 1186 185 1235 Gloria
207 1187 281 1247 Patri,
306 1195 331 1236 et
352 1187 418 1236 Filio
438 1205 445 1236 ι
465 1194 490 1236 ct

63 1250 169 1315 Spiritui
181 1251 273 1301 Sancto
283 1269 291 1311 ;

98 1314 169 1364 Sicut
191 1322 243 1364 erat
264 1316 290 1363 iu
310 1315 441 1379 principio,
466 1323 490 1364 et

62 1395 139 1438 nunc,
153 1387 178 1428 et
193 1395 309 1443 semper:
326 1380 388 1440 etin
401 1381 491 1429 saecula

62 1443 217 1493 saeculorum.
254 1445 344 1493 Amen.

599 1282 722 1331 Minister.
751 1284 863 1334 Oremua

591 1388 803 1439 MNIPOTENS
812 1391 888 1449 Deus,
893 1407 946 1454 gra·

624 1455 670 1503 tias
681 1454 727 1503 tibi
736 1469 766 1502 ex
774 1455 858 1502 animo
867 1456 947 1504 reseri-

522 1534 585 1579 mus‚
598 1519 658 1582 quia
671 1519 736 1566 hanc
751 1518 869 1568 famulam
880 1527 948 1568 tuam

523 1584 555 1631 de
572 1598 663 1646 magno
685 1583 796 1646 pariendi
819 1583 905 1632 dolore
924 1594 948 1633 et

524 1647 634 1711 periculo
650 1647 754 1696 liberare
772 1647 886 1710 dignatus
905 1665 948 1697 es:

525 1711 648 1770 Concede,
658 1727 805 1775 quaesumus,
819 1711 893 1761 Pater
903 1713 947 1760 mi-

524 1777 633 1835 sericors,
647 1785 674 1823 ut
691 1782 715 1823 te
732 1775 871 1837 adjuvante,
888 1785 947 1825 tem-

524 1840 604 1903 porali
620 1855 691 1888 cursu
708 1838 813 1888 fideliter
828 1846 853 1888 et
864 1856 947 1889 secun·

524 1904 584 1951 dum
604 1910 628 1952 te
647 1911 755 1967 peracto,
775 1905 948 1967 sempiternam

524 1968 661 2030 gloriamin
669 1967 720 2015 vita
728 1967 945 2031 suturapossideat.

525 2032 573 2080 Per
581 2032 667 2095 Jesum
676 2031 803 2080 Christum
812 2033 948 2082 Dominum

132 2093 209 2151 coelis,
217 2093 493 2144 SanctificetnrNomen
524 2105 641 2145 nostrum.
678 2098 765 2145 Amen,

63 2166 144 2207 tuum.
170 2157 488 2221 Adveniatregnnmtuum

65 2220 489 2283 Fiatvoluntasmasicutiucoelo,
835 2270 839 2276 .
868 2281 872 2289 ,

62 2293 91 2335 et
109 2286 137 2335 in
158 2292 229 2334 terra„
266 2287 360 2336 Panem
381 2295 492 2337 nostrum
529 2283 620 2332 Mulier
629 2298 684 2345 quoe
694 2282 761 2330 venit
770 2280 802 2328 ad
811 2287 945 2343 gratiarum

118 1578 217 1628 Deinde
228 1578 295 1629 dicat
307 1579 437 1640 Sacerdos,

224 1693 335 1744 Oremus

100 1799 178 1863 Kyne
189 1799 287 1849 eleison.

102 1864 197 1912 Christe
206 1865 296 1913 elersen.

100 1929 178 1989 Kyrie
189 1928 287 1977 eleison.

122 2028 221 2077 ATER
233 2004 338 2089 noster,¹
354 2030 397 2094 qui
419 2046 445 2079 es
467 2031 493 2078 in

81 2349 238 2398 uotidianum
260 2350 293 2400 da
314 2351 386 2401 nobis
407 2352 489 2401 hodie.

89 2421 100 2462 t
111 2414 208 2463 dimitte
219 2414 292 2464 nobis
303 2416 388 2464 debita
398 2425 489 2476 nostra,

63 2479 138 2529 Sicut
157 2485 182 2527 et
197 2493 243 2527 uos
259 2480 406 2528 dimittimus
423 2480 491 2530 debi-

62 2543 161 2592 toribus
178 2543 274 2592 uostris.
310 2545 344 2593 Et
355 2560 387 2593 ne
400 2560 445 2593 nos
456 2545 491 2594 in·

62 2607 142 2656 ducas
158 2606 184 2655 in
201 2608 380 2670 tentationem
397 2608 449 2660 Sed
463 2609 492 2657 li-

546 2349 670 2397 actionem
688 2347 827 2395 oblationes
843 2346 946 2393 usitatas

549 2414 629 2462 iacere
649 2413 731 2460 debet.
777 2412 810 2459 Et
830 2411 850 2458 si
869 2411 943 2458 Com·

547 2477 832 2528 munioadministrnnda
840 2477 879 2535 sit,
887 2491 944 2524 con·

546 2545 614 2592 venit
632 2559 687 2592 earn
704 2543 786 2591 Sacrae
799 2541 944 2589 Communi-

548 2610 602 2658 onis
615 2608 666 2659 fieri
680 2607 832 2671 participem.
