2040 3458
371 883 603 981 denotatio.

107 1099 133 1148 A
150 1098 197 1148 luit
209 1097 326 1148 Ecclesiae
343 1099 489 1163 Anglicanae
500 1109 638 1164 prudentia,
652 1112 709 1164 post
726 1099 863 1164 Liturgiam
874 1101 927 1165 ejus

139 1164 222 1228 primo
228 1163 398 1228 compositam,
408 1172 435 1212 ut
442 1165 551 1213 medium
558 1179 655 1214 cursum
664 1172 804 1214 constanter
809 1172 924 1225 servaret,

39 1243 73 1277 ne
90 1227 201 1292 alquam
218 1228 245 1276 in
261 1243 291 1276 ea
306 1228 469 1276 mutationem
485 1236 527 1277 aut
543 1229 692 1292 pertinacius
708 1237 865 1288 aversaretur,
885 1237 927 1278 aut

42 1292 139 1341 facilius
154 1292 303 1341 admitteret.
341 1293 376 1342 Ut
387 1292 453 1340 enim
463 1293 511 1341 hoc
522 1293 668 1357 plerumque
683 1293 710 1341 in
725 1294 799 1342 rebus
815 1309 926 1358 comper·

43 1364 96 1404 tum
107 1363 151 1416 est,
165 1372 223 1405 cum
238 1371 320 1405 rerum
335 1356 448 1406 consulto
464 1357 637 1417 institutarum,
655 1357 749 1406 nullam
765 1359 926 1407 necessariam

44 1421 77 1469 ob
94 1436 201 1481 causam,
220 1421 324 1469 mutatio
347 1421 413 1469 iacta
428 1421 554 1480 sit‚'varia
576 1422 734 1470 incommoda
756 1430 841 1470 exorta
863 1438 924 1480 esse,

48 1500 122 1548 eaque
143 1493 196 1534 tum
212 1485 291 1549 plura,
310 1492 364 1533 tum
379 1486 454 1533 etiam
475 1487 589 1549 graviora
611 1501 686 1550 quam
702 1487 756 1550 ipsa
778 1486 845 1534 fuere
861 1487 927 1534 mala

49 1549 133 1602 ouibus
143 1549 279 1598 mutatione
289 1548 337 1597 ista
351 1550 486 1598 remedium
497 1550 648 1599 afferendum
663 1557 715 1598 erat
724 1567 731 1610 ;
748 1550 783 1598 ita
794 1551 923 1609 contrario,

51 1627 103 1661 eum
117 1613 207 1662 formas
223 1613 342 1677 speciales
358 1613 440 1663 Officii
457 1614 550 1672 Divini‚
564 1615 673 1678 ritusque
689 1621 714 1663 et
730 1615 882 1662 caerimonias
899 1615 923 1663 in

10 1704 13 1767 ι
55 1691 79 1724 eo
93 1678 238 1726 ¹celebrando
249 1678 410 1737 adhibendas,
424 1684 509 1742 utpote
525 1694 570 1727 sua
580 1685 668 1726 natura
683 1678 785 1726 minoris
795 1679 922 1735 momenti,

56 1742 174 1790 mutabiles
196 1758 249 1791 esse
265 1743 292 1791 in
308 1742 420 1790 confesso
440 1743 483 1802 sit;
507 1758 606 1806 aequum
621 1742 725 1802 videtur,
744 1742 766 1790 si
786 1751 924 1807 temporum

58 1807 174 1854 necessitas
190 1806 361 1870 opportunitas
379 1821 410 1854 ue
426 1806 461 1855 ita
477 1808 592 1871 requirat,
605 1822 692 1870 graves
708 1807 742 1855 ob
758 1822 850 1866 causas,
863 1823 924 1855 non·

59 1868 115 1918 nulla
129 1886 158 1918 ex
173 1872 204 1919 iis
225 1871 299 1918 aliam
318 1871 345 1918 in
360 1821 466 1918 iormam
485 1871 609 1920 interdum
631 1871 728 1930 mutari,
746 1878 820 1934 prout
837 1871 866 1919 iis
882 1872 925 1934 qui

61 1934 215 1983 auctoritatem
225 1935 335 1984 habeant
345 1934 385 1983 vel
395 1936 554 1984 commodum
564 1935 605 1984 vel
615 1935 778 1984 necessarium
790 1935 924 1984 identidem

62 1996 125 2046 visum
136 1999 213 2048 luerit.
250 1999 339 2063 Itaque
354 2007 450 2047 constat
466 2000 611 2058 Ecclesiam,
630 2015 675 2063 per
690 2015 767 2062 regna
783 1999 924 2067 Pn'ncipum

63 2063 218 2112 nonnullorum
234 2064 283 2127 piae
298 2066 424 2112 memoriae
443 2071 499 2127 post
516 2063 653 2112 Ecclesiam
673 2063 837 2123 reformatam,
853 2063 925 2127 justis

64 2125 192 2184 quibusdam
208 2128 326 2191 seriisque
341 2130 420 2176 causis
436 2129 565 2188 concitam,
585 2144 637 2176 non
652 2129 767 2176 abnuisse
787 2129 847 2192 quin
863 2143 924 2176 non·

65 2188 159 2240 nullaita
168 2193 316 2250 immutaret,
337 2199 409 2255 prout
428 2199 486 2241 tunc
503 2193 621 2255 temporis
637 2208 735 2256 aequum
751 2193 874 2242 habuerit:
891 2193 925 2240 ita

66 2255 161 2304 tanenut
171 2271 268 2304 summa
278 2259 314 2304 rei
325 2255 350 2304 in
359 2257 472 2305 omnibus
484 2256 659 2316 essentialibus,
671 2256 754 2321 quoad
765 2265 789 2305 et
798 2257 925 2305 materiam

67 2316 184 2368 etlormam
201 2321 363 2384 ordinemque
372 2336 461 2379 rerum,
475 2321 541 2369 hunc
557 2321 671 2384 usquein
682 2321 748 2369 diem
760 2322 846 2369 eadem
862 2336 924 2370 sem·

106 2385 267 2446 permanserit,
280 2391 355 2448 atque
364 2383 416 2446 jam
427 2385 508 2434 adhuc
524 2384 596 2433 firma
613 2392 687 2449 atque
702 2385 807 2434 immota
816 2391 926 2443 maneat;

80 2453 109 2494 cet
122 2464 173 2496 eam
189 2464 256 2513 saepe
272 2449 379 2512 aggressi
398 2449 454 2508 sint,
474 2457 548 2512 atque
564 2449 652 2498 frustra
668 2464 808 2513 expugnare
832 2448 923 2506 conati,

68 2519 128 2560 rtrum
137 2529 256 2561 novarum
267 2519 407 2572 sectatores,
426 2514 469 2577 qui
480 2514 585 2578 propriis
602 2514 761 2577 opinionibus
772 2513 926 2577 propriisque

67 2577 181 2685 wigmodis
197 2578 276 2640 magis
292 2592 367 2641 quam
383 2577 464 2626 officio
479 2594 525 2627 suo
545 2593 603 2640 erga
620 2577 810 2642 Rempublieam
829 2591 926 2640 semper

67 2643 94 2685 stu
108 2650 194 2690 uerunt

89 2702 173 2765 Quibus
185 2706 274 2769 iniquis
285 2706 373 2766 modis,
387 2714 412 2755 et
422 2721 495 2770 quam
513 2722 590 2770 pravo
601 2706 711 2766 consilio,
726 2706 844 2768 Liturgiae
858 2720 934 2762 usus,

67 2761 129 2830 Regni
143 2771 245 2833 legibus,
264 2771 343 2833 iisque
359 2771 460 2819 minime
477 2771 608 2833 abrogatis,
628 2771 791 2834 praescriptus,
810 2770 874 2818 inter
889 2785 926 2817 re·

66 2840 130 2882 centes
147 2834 267 2883 infaustos
287 2835 405 2884 turnultus
425 2835 550 2893 exciderit,
569 2842 594 2883 et
614 2850 700 2882 omnes
716 2834 776 2882 satis
795 2837 882 2894 sciunt,
903 2841 927 2880 et

24 2887 31 2919 ³
66 2906 99 2943 nos
111 2897 134 2946 in
148 2901 293 2947 memoriam
310 2913 424 2948 revocare
439 2899 560 2947 nolumus.
601 2898 681 2960 Regia
697 2905 780 2946 autem
797 2899 927 2961 Majestate

65 2955 147 3011 feliciter
156 2963 275 3020 restituta,
289 2963 338 3011 hoc
348 2963 412 3012 inter
428 2964 477 3012 alia
487 2963 678 3026 exspectandum
695 2962 832 3023 videbatur,
847 2963 928 3011 Litur·

64 3022 122 3084 nun,
134 3027 207 3076 nullis
222 3027 318 3090 legibus
335 3028 484 3090 abrogatam,
499 3027 525 3076 in
542 3043 613 3078 usum
625 3028 765 3080 necessario
782 3043 940 3080 rursusueu·

65 3093 195 3166 manasse,
209 3091 260 3137 nisi
273 3091 298 3138 ei
310 3093 430 3142 maturius
445 3093 610 3148 intercessum
628 3096 714 3150 suerit.
750 3097 779 3149 li
795 3097 876 3158 igitur
893 3092 954 3160 qli&

101 3166 141 3196 1111
