2092 3450
97 204 157 252 Dies
168 201 275 249 XXII).
478 198 586 264 {turini
804 242 806 247 ⁴
849 202 966 251 Adrum

85 341 247 391 substantiam
258 341 311 418 ejus
329 354 336 386 2
356 350 380 393 et
396 343 514 408 diripiant
576 342 665 393 Genua
680 357 736 392 mea
751 341 874 391 infirmata
889 348 972 391 sunta

84 406 159 456 alieni
169 406 266 456 labores
277 423 336 472 ejus.
540 406 634 470 jejunio
649 424 656 457 ε
667 414 692 456 et
709 423 766 456 caro
777 422 833 456 mea
842 407 972 456 immutata

59 500 61 504 ·
118 471 179 520 Non
189 471 222 520 sit
236 471 273 520 illi
284 473 382 536 adjutor
402 490 409 522 ι
424 488 470 521 nec
481 471 513 521 sit
543 479 579 521 est
590 479 691 536 propter
701 471 790 520 oleum

85 535 128 598 qui
138 535 281 584 misereatur
291 537 391 601 pupillis
402 537 461 600 ejus.
575 537 609 585 Et
635 551 682 598 ego
703 537 782 584 sactus
802 551 857 584 sum
881 550 971 598 oppro-

118 600 191 648 Fiant
202 600 254 649 nati
265 600 352 664 ejusin
363 601 511 650 interitum:
542 600 623 649 brium
638 601 688 650 illis
710 613 716 644 ι
739 600 852 649 videmnt
874 615 922 659 me,
946 606 971 648 et

83 663 110 711 in
142 664 300 727 generatione
326 682 376 715 una
401 665 513 716 deleatur
541 672 671 713 moverunt
682 664 763 728 capita
774 680 824 714 sua

82 743 176 776 nomen
187 728 245 792 ejus.
574 729 674 792 Adjuva
695 745 744 788 me,
769 728 878 778 Domine
901 727 971 776 Deus

116 792 148 840 In
158 793 303 842 memoriam
323 794 406 843 redeat
422 794 510 858 iniqui-
541 808 610 842 meus
633 793 751 843 :salvum
770 808 810 842 me
828 792 867 841 iac
885 807 970 842 secun·

82 861 121 905 tas
137 857 235 919 patrum
257 857 308 921 ejus
331 859 356 906 in
379 867 511 922 conspectu
541 856 601 905 dum
612 857 806 906 misericordiam
817 865 893 907 tuam.

82 920 187 970 Domini
212 938 219 970 τ
241 929 266 971 et
281 929 410 987 peccatum
426 924 511 972 matris
574 922 608 970 Et
635 923 713 971 sciant
740 922 799 986 quia
819 937 906 970 manus
928 927 971 969 tua

81 984 135 1048 ejus
146 1001 197 1047 non
207 986 324 1036 deleatur.
541 985 595 1034 haec
620 1003 627 1035 z
649 993 675 1036 et
690 993 725 1046 tu,
748 987 865 1046 Domine,
891 985 970 1034 fecisti

114 1049 190 1098 Fiant
200 1057 286 1099 contra
294 1051 431 1100 Dominum
447 1067 510 1101 sem·
541 1065 602 1098 eam.

81 1128 134 1176 per,
151 1120 176 1163 et
192 1114 314 1179 dispereat
331 1116 362 1164 de
379 1125 443 1164 terra
458 1133 510 1166 me·
575 1113 727 1163 MaledIcent
747 1113 792 1174 illi,
812 1121 837 1163 et
853 1120 880 1163 tu
896 1113 970 1162 bene·

80 1178 161 1226 moria
171 1194 256 1227 eorum
270 1195 333 1244 :pro
343 1196 373 1229 eo
383 1181 451 1244 quod
459 1197 510 1230 non
541 1178 608 1228 dices
633 1196 640 1228 ε
661 1179 704 1243 qui
725 1179 854 1242 insurgrmt
875 1179 902 1226 in
918 1194 966 1236 me,

81 1249 119 1291 est
146 1244 287 1292 recordatus
315 1244 394 1293 lacere
416 1245 509 1295 miseri·
541 1242 738 1304 confundantur;
771 1259 855 1292 servus
887 1250 970 1291 autem

80 1305 209 1356 cordiam:
541 1307 737 1357 tuuslaetabitur.

113 1371 148 1419 Et
169 1379 310 1436 persecutus
326 1380 363 1422 est
384 1373 510 1423 hominem
573 1371 711 1421 Induantur
753 1372 796 1436 qui
839 1371 970 1420 detrahunt

79 1435 182 1499 inopem
193 1443 218 1484 et
234 1437 375 1485 mendicum
390 1445 432 1486 :et
443 1455 509 1488 com·
541 1435 603 1484 mihi
627 1437 723 1511 pudore
747 1455 754 1486 ε
782 1444 807 1485 et
828 1436 970 1500 operiantur

78 1507 198 1563 punctum
210 1501 284 1550 corde
295 1501 447 1551 mortificare.
540 1500 603 1548 sicut
613 1500 724 1564 diploide
735 1501 878 1550 confusione
888 1515 939 1549 sua.

113 1564 148 1612 Et
162 1564 247 1614 dilexit
264 1566 470 1627 maledictionem,
486 1575 509 1616 et
574 1564 718 1614 Confitebor
733 1565 843 1614 Domino
858 1565 932 1612 nimis
943 1562 969 1613 in

78 1628 162 1677 veniet
173 1628 197 1678 ei
210 1647 217 1678 z
229 1636 253 1677 et
269 1630 348 1679 noluit
359 1631 508 1681 benedictio·
540 1644 583 1677 ore
595 1645 652 1678 meo
672 1647 679 1679 ε
696 1637 720 1678 et
737 1629 763 1678 in
780 1629 862 1678 medio
879 1628 968 1677 multo·

78 1708 145 1751 nem,
160 1700 185 1742 et
196 1694 351 1757 elongabitur
362 1696 394 1744 ab
403 1711 440 1744 eo.
539 1709 593 1742 rum
604 1694 712 1743 laudabo
723 1710 788 1743 eum.

113 1757 147 1808 Et
166 1758 246 1806 induit
261 1759 460 1809 maledictionem
477 1761 508 1810 si·
573 1758 639 1821 Quia
660 1758 737 1807 astitit
759 1773 774 1805 a
795 1757 886 1806 dextris
908 1773 968 1820 pau-

79 1828 122 1870 cut
140 1823 312 1871 vestimentum
339 1841 346 1872 r
368 1832 392 1873 et
407 1825 508 1874 intravit
539 1823 604 1885 peris
619 1829 664 1871 :ut
677 1823 771 1871 salvam
782 1821 871 1870 iaceret
888 1837 903 1868 a
914 1837 968 1884 per-

78 1885 143 1934 sicut
154 1901 219 1950 aqua
234 1887 260 1935 in
276 1888 392 1937 interiora
408 1889 467 1952 ejus,
484 1898 508 1939 et
539 1887 696 1950 sequentibus
708 1887 816 1936 animam
827 1901 914 1935 meam.

78 1949 142 1999 sicut
153 1951 236 1999 oleum
244 1951 270 1999 in
281 1952 376 2001 ossibus
387 1953 446 2016 ejus.

113 2014 169 2063 Fiat
196 2015 219 2090 ei
245 2015 308 2064 sicut
330 2017 507 2091 'vestimentum
650 2060 653 2067 .

78 2093 129 2142 q¹¹⁰
140 2086 269 2154 ⁰Pef¹tfflf
280 2087 305 2154 (ἶῗ
316 2089 378 2130 ⁸¹⁶¹st
386 2097 448 2130 zona
459 2098 508 2146 ‘lua
536 2100 604 2146 Dius
617 2097 720 2146 XXIII,
758 2094 798 2149 fill
810 2093 969 2152 fflututinns.

78 2157 176 2206 semper
183 2152 346 2207 praecingitur.

112 2206 172 2255 Hoc
188 2222 250 2282 opus
267 2224 352 2257 eorum
368 2210 409 2273 qui
426 2210 506 2260 detra·
653 2227 783 2276 PSALMUS
795 2227 851 2276 cx,

77 2270 140 2319 hunt
152 2271 213 2320 miln
229 2274 295 2336 apud
313 2274 449 2323 Dominum
465 2284 508 2324 :et

77 2335 122 2399 qui
143 2334 277 2400 loquuntur
302 2336 370 2386 mala
391 2339 507 2389 adversus
602 2341 681 2391 IXIT
708 2341 830 2390 Dominus
857 2339 966 2390 Domino

78 2399 188 2448 animum
199 2416 287 2450 meam.
633 2421 690 2454 meo
716 2424 722 2456 ι
745 2406 811 2455 Sede
832 2420 848 2453 a
874 2405 966 2453 dextris

112 2463 146 2512 Et
156 2470 191 2523 tu,
207 2465 322 2526 Domine,
337 2467 453 2527 Domine,
467 2469 506 2518 sac
537 2470 618 2519 meis:

77 2543 175 2577 mecum
186 2537 287 2593 propter
303 2531 403 2580 Nomen
415 2539 484 2581 tuum
499 2551 505 2582 ε
569 2534 657 2583 Donec
668 2549 760 2598 ponam
769 2531 881 2581 inimicos
892 2539 948 2581 tuos
958 2549 965 2582 τ

77 2592 137 2656 quia
162 2593 244 2642 suavis
276 2601 312 2644 est
339 2596 507 2646 misericordia
536 2598 671 2647 scabellum
681 2598 774 2662 pedum
784 2603 889 2646 tuorum.

78 2666 127 2705 tua
569 2663 672 2725 Virgam
691 2661 787 2710 virtutis
804 2667 853 2709 tuae
869 2659 965 2710 emittet

110 2720 202 2770 Libera
220 2738 268 2782 me,
289 2723 347 2787 quia
368 2740 459 2788 egenus
481 2733 505 2774 et
537 2727 660 2775 Dominus
671 2742 701 2775 ex
712 2724 965 2778 Sionedominarein

77 2800 171 2849 pauper
182 2801 229 2849 ego
240 2801 294 2836 snm
309 2806 315 2836 ε
327 2795 351 2836 et
369 2804 504 2838 cormeum
536 2792 619 2840 medio
630 2790 786 2839 inimicorum
797 2795 903 2838 tuorum.

77 2849 251 2899 conturbatum
261 2859 299 2901 est
309 2852 373 2901 intra
383 2868 430 2902 me.
569 2856 664 2904 Tecum
691 2853 839 2918 principium
865 2853 891 2902 in
923 2853 964 2902 die

110 2912 181 2963 Sicut
201 2914 289 2964 umbra
316 2931 371 2965 cnm
398 2917 505 2968 declinat
536 2919 632 2967 virtutis
658 2924 708 2967 tuae
734 2917 761 2966 in
792 2917 963 2981 splendoribus

76 2976 173 3027 ablatus
184 2992 239 3027 sum
258 2997 265 3028 ι
281 2986 305 3029 et
322 2985 436 3030 exc'ussus
451 2998 505 3031 sum
538 2989 676 3031 sanctorum
692 2998 739 3037 :ex
750 2988 819 3032 utero
830 2989 887 3031 ante
903 2981 962 3031 luci·

76 3041 140 3091 sicut
149 3041 257 3094 locustae.
537 3047 614 3096 ferum
623 3046 697 3112 genui
708 3054 739 3097 te.

141 3117 188 3170 291
