2092 3450
350 199 352 204 ·
433 179 579 237 diationis.

87 316 195 366 dictione
219 321 263 364 tua
284 316 378 365 coelesti
399 316 512 380 adauget
543 317 729 381 castigationem
740 319 853 368 omittere
864 318 967 382 jussisti,

87 388 111 429 et
122 387 212 445 praesta
227 387 255 429 ut
271 396 324 440 nos,
343 379 512 430 beneficentiae
542 380 578 430 ita
593 397 659 430 nunc
670 397 769 446 quoque
784 398 800 432 a
815 384 888 432 nobis
904 383 970 434 hanc

87 451 136 494 tuae
153 445 292 508 largitatem
308 445 463 508 accipientes,
483 461 513 495 ea
542 461 642 509 gravem
664 453 759 510 pestem
781 461 896 496 amovere
915 448 969 512 dig-

86 510 113 557 in
134 510 170 558 tui
190 509 303 572 gloriam,
328 509 354 557 in
376 509 513 558 subsidium
542 509 613 558 neris.
661 511 708 559 Per
732 510 820 574 Jesum
842 511 969 560 Christum

86 573 257 636 indigentium,
277 579 301 621 et
318 573 512 622 consolationem
543 573 680 622 Dominum
692 582 808 623 nostrum.
846 578 935 625 Amen.

85 645 195 686 nostram
221 644 325 686 utamur.
362 637 411 686 Per
426 638 512 702 Jesum

87 701 212 750 Christum
234 701 372 750 Dominum
390 709 508 751 nostrum.
543 690 707 767 Ianuatuor
724 692 899 756 TemPOYlbUS,
915 709 966 767 ΡΥΟ

85 768 173 814 Amen.
574 772 605 805 11s
628 773 672 820 qur
695 774 720 804 m
745 759 834 806 Sacros
859 758 966 806 Ordines

573 822 741 884 promovendi
764 829 828 882 sunt,
855 824 966 887 quotidie

95 889 221 953 Tempore
233 890 298 941 Belli
310 901 335 943 et
347 892 488 943 Tumultus.
574 887 689 935 dicenda·

153 993 365 1044 MNIPOTENS
372 994 449 1053 Deus,
457 995 512 1044 Rex
611 994 823 1046 MNIPOTENS
834 995 911 1055 Deus,
922 998 969 1046 Pa·

180 1074 266 1122 regum
273 1065 297 1107 et
306 1059 417 1108 omnium
424 1058 510 1108 Domi·
643 1065 680 1108 ter
691 1065 774 1108 noster
790 1060 904 1119 coelestis,
921 1061 969 1110 Ec·

85 1130 163 1181 nator,
194 1122 263 1186 cujus
295 1123 411 1186 potestati
444 1123 513 1172 nulla
543 1122 642 1171 clesiam
653 1123 823 1182 universalem,
836 1139 911 1189 quam
923 1125 969 1173 tibi

85 1195 195 1236 creatura
211 1187 322 1236 resistere
341 1186 406 1236 valet
416 1205 424 1247 ;
443 1187 512 1251 cujus
544 1186 602 1234 Filii
623 1187 659 1235 tui
681 1187 833 1237 dilectissimi
860 1189 969 1252 pretioso

85 1259 121 1300 est
137 1258 278 1315 peccatores
292 1250 358 1314 juste
373 1251 469 1316 punire,
488 1259 512 1301 et
543 1251 662 1314 sanguine
689 1251 847 1315 acquisivisti,
874 1252 969 1316 respice

84 1332 141 1365 vere
173 1315 351 1380 poenitentibus
383 1316 511 1365 misereri:
560 1315 968 1379 mpitius3ethoctemporefamu·

85 1380 160 1430 Salva
171 1387 196 1429 et
206 1380 343 1439 liberanos,
357 1379 512 1456 suppliceste
541 1330 623 1428 iorum
650 1387 749 1428 tuorum
776 1379 965 1444 Episcoporum,

2 1455 4 1458 ·
83 1460 206 1508 rogamus,
220 1459 322 1492 arnann
337 1443 511 1493 inimicorum:
541 1443 816 1506 gregistuiPastorum,
827 1451 923 1494 mentes
934 1445 969 1493 ita

84 1509 225 1572 superbiam
236 1523 321 1557 eorum
332 1508 445 1571 reprime,
459 1524 511 1557 ma·
541 1508 620 1571 dirige
642 1514 667 1556 et
687 1507 804 1570 guberna,
829 1515 857 1557 ut
881 1524 969 1557 manus

83 1573 163 1621 litiam
182 1573 276 1636 mitiga,
296 1572 399 1621 consilia
414 1580 511 1621 contur·
542 1578 634 1620 temere
652 1571 752 1620 nemini.
764 1575 901 1636 imponant,
924 1575 968 1622 sed

84 1638 136 1686 ba:
156 1644 183 1686 ut
200 1644 243 1685 tna
261 1636 403 1685 defensione
422 1637 511 1685 muniti
542 1635 648 1684 fideliter
669 1642 694 1684 et
715 1636 839 1699 sapienter
865 1636 968 1685 idoneos

84 1704 115 1750 ab
138 1702 252 1750 omnibus
273 1701 389 1764 periculis
415 1715 512 1764 semper
542 1699 641 1763 eligant,
661 1700 704 1763 qui
720 1700 766 1748 tibi
785 1703 812 1748 in
830 1716 900 1750 sacro
920 1701 967 1750 Ec·

84 1781 262 1824 conservemur,
277 1766 309 1813 ad
323 1765 511 1827 glorificandum
541 1763 621 1812 clesiae
633 1764 768 1812 ministerio
785 1767 896 1814 serviant.
934 1766 967 1814 Et

83 1838 108 1878 te
135 1830 215 1878 solum
235 1829 344 1878 victoriae
359 1830 506 1892 largitorem
540 1828 968 1904 iisquiadquodvismunussacrum

84 1896 188 1958 Propter
204 1894 290 1942 merita
306 1893 373 1942 unici
389 1893 448 1942 Filii
463 1894 508 1952 tui,
541 1892 647 1941 ordrnati
664 1892 760 1951 fuerint,
779 1893 884 1956 gratiam
899 1901 968 1942 tuam

80 1959 141 2023 Jesu
170 1957 262 2007 Christi
291 1958 394 2006 Domini
422 1958 505 2007 nostri.
540 1963 564 2004 et
575 1956 772 2005 benedictionem
789 1957 914 2006 coelestem
926 1959 967 2007 tri-

83 2026 172 2072 Amen.
540 2021 605 2069 bue:
634 2028 661 2070 ut
688 2027 739 2069 tam
760 2021 869 2070 vivendo
892 2037 966 2086 quam

335 2135 340 2146 ,
422 2134 428 2144 ,
464 2135 469 2145 ‚
540 2085 654 2134 docendo
670 2085 774 2148 gloriam
791 2093 860 2135 tuem
878 2087 967 2150 praedi-

78 2135 204 2197 Tcmpore
216 2150 354 2184 commums
365 2142 502 2199 pestrssrve
541 2156 605 2208 cent,
630 2157 654 2199 et
677 2149 750 2198 saluti
768 2149 879 2199 omnium
898 2166 967 2214 pros,

241 2201 329 2250 morbi·
558 2213 640 2264 terant.
676 2214 724 2262 Per
737 2214 824 2278 Jesum
841 2214 966 2264 Christum

151 2302 362 2353 MNIPOTENS
378 2303 454 2361 Deus,
466 2302 509 2366 qui
567 2278 678 2327 ominum
689 2286 806 2326 nostrum.
843 2281 931 2328 Amen.

182 2368 277 2432 populo
304 2374 347 2416 tuo
368 2367 396 2415 in
415 2382 505 2425 eremo,

82 2432 507 2495 contraMoysenetAaronemper-

82 2497 195 2546 tinaciter
204 2495 341 2554 rebellanti,
355 2502 450 2559 pestem
461 2495 507 2543 ira·
607 2493 798 2543 MNIPOTEN
801 2494 818 2544 S
829 2494 905 2553 Deus,
913 2510 965 2544 om-

82 2570 121 2612 tus
140 2561 282 2610 immisisti:
304 2566 329 2608 et
348 2560 375 2607 in
396 2567 507 2623 tempore
638 2559 708 2606 nium
735 2558 859 2607 bonorum
882 2559 962 2618 dator,

82 2626 146 2690 regis
157 2625 247 2684 David,
262 2623 417 2687 septuaginta
429 2623 508 2672 millia
555 2622 581 2671 ui
587 2623 672 2671 divina
678 2622 833 2686 providentia
838 2624 966 2673 tuavarios

82 2692 211 2739 hominum
223 2696 291 2765 peste
302 2688 450 2747 destruxisti,
464 2688 507 2736 sed
538 2639 646 2736 drdines
652 2687 679 2735 in
685 2686 797 2736 Ecclesia
803 2687 965 2748 constituisti3

83 2755 254 2804 misericordiae
286 2760 335 2802 tuae
367 2753 509 2801 recordatus
539 2751 581 2799 Da
607 2751 712 2814 gratiam
739 2758 815 2809 tuam,
841 2752 965 2815 supplices

82 2818 230 2868 conservasti
246 2817 372 2882 reliquos:
390 2816 508 2865 Miserere
539 2830 685 2879 quaesumus,
699 2816 729 2864 iis
742 2814 857 2864 omnibus
873 2816 915 2879 qui
932 2817 965 2865 ad

81 2885 153 2932 nobis
160 2883 254 2932 miseris
259 2881 434 2946 peccatoribus,
443 2896 509 2929 nunc
539 2879 642 2943 quodvis
652 2880 679 2928 in
690 2879 777 2928 eadem
793 2879 901 2928 officium
913 2881 965 2930 sive

82 2947 174 2997 morbis
186 2954 210 2996 et
223 2947 291 3010 gravi
307 2944 457 2994 mortalitate
472 2945 507 2993 af·
538 2943 775 2993 administrationem
783 2945 963 2994 suntvocandi:

82 3011 172 3060 flictis:
193 3018 217 3059 et
234 3011 296 3059 sicut
312 3016 372 3058 tunc
390 3009 508 3072 temporis
538 3014 616 3058 eteos
627 3007 746 3057 doctrinae
757 3008 919 3058 tuoeveritate
929 3009 964 3068 ita

680 2392 737 2442 Sive
749 2392 809 2441 haec.

82 3075 236 3186 propitgatus,
267 3075 365 3137 Angelo
390 3073 507 3122 vastatori
537 3069 653 3137 adimple,
684 3078 709 3122 et
737 3072 793 3121 vitae
822 3072 963 3122 innocentia

141 3151 160 3186 2
