<?xml version="1.0" encoding="UTF-8"?>
<!DOCTYPE html PUBLIC "-//W3C//DTD XHTML 1.0 Transitional//EN"
    "http://www.w3.org/TR/xhtml1/DTD/xhtml1-transitional.dtd">
<html xmlns="http://www.w3.org/1999/xhtml" xml:lang="en" lang="en">
 <head>
  <title>
</title>
<meta http-equiv="Content-Type" content="text/html;charset=utf-8" />
  <meta name='ocr-system' content='tesseract 3.04.00' />
  <meta name='ocr-capabilities' content='ocr_page ocr_carea ocr_par ocr_line ocrx_word'/>
</head>
<body>
  <div class='ocr_page' id='page_1' title='image "./liberprecumpubl00briggoog_0120.png"; bbox 0 0 2040 3458; ppageno 0'>
   <div class='ocr_carea' id='block_1_1' title="bbox 287 151 685 230">
    <p class='ocr_par' dir='ltr' id='par_1_1' title="bbox 287 151 685 230">
     <span class='ocr_line' id='line_1_1' title="bbox 287 151 685 230; baseline -0.018 -10"><span class='ocrx_word' id='word_1_1' title='bbox 287 161 358 221; x_wconf 65' lang='lat' dir='ltr'>nita</span> <span class='ocrx_word' id='word_1_2' title='bbox 374 151 489 219; x_wconf 62' lang='lat' dir='ltr'>§ittarta</span> <span class='ocrx_word' id='word_1_3' title='bbox 506 167 562 218; x_wconf 85' lang='lat' dir='ltr'>antr</span> <span class='ocrx_word' id='word_1_4' title='bbox 577 161 685 230; x_wconf 58' lang='lat' dir='ltr'>{tartha</span> 
     </span>
    </p>
   </div>
   <div class='ocr_carea' id='block_1_2' title="bbox 61 318 949 1412">
    <p class='ocr_par' dir='ltr' id='par_1_2' title="bbox 61 318 949 1412">
     <span class='ocr_line' id='line_1_2' title="bbox 64 318 947 383; baseline 0 -15"><span class='ocrx_word' id='word_1_5' title='bbox 64 328 147 370; x_wconf 83' lang='lat' dir='ltr'>autern</span> <span class='ocrx_word' id='word_1_6' title='bbox 182 319 246 368; x_wconf 90' lang='lat' dir='ltr'>hora</span> <span class='ocrx_word' id='word_1_7' title='bbox 278 319 386 368; x_wconf 81' lang='lat' dir='ltr'>tenebrae</span> <span class='ocrx_word' id='word_1_8' title='bbox 420 318 490 368; x_wconf 84' lang='lat' dir='ltr'>sactae</span> <span class='ocrx_word' id='word_1_9' title='bbox 521 319 630 368; x_wconf 88' lang='lat' dir='ltr'>clamans</span> <span class='ocrx_word' id='word_1_10' title='bbox 639 335 698 368; x_wconf 91' lang='lat' dir='ltr'>voce</span> <span class='ocrx_word' id='word_1_11' title='bbox 707 335 803 382; x_wconf 87' lang='lat' dir='ltr'>magna,</span> <span class='ocrx_word' id='word_1_12' title='bbox 811 319 947 383; x_wconf 86' lang='lat' dir='ltr'>emisitspi·</span> 
     </span>
     <span class='ocr_line' id='line_1_3' title="bbox 63 383 947 448; baseline -0.003 -14"><span class='ocrx_word' id='word_1_13' title='bbox 63 392 120 434; x_wconf 89' lang='lat' dir='ltr'>sunt</span> <span class='ocrx_word' id='word_1_14' title='bbox 143 400 218 448; x_wconf 91' lang='lat' dir='ltr'>super</span> <span class='ocrx_word' id='word_1_15' title='bbox 239 387 377 432; x_wconf 88' lang='lat' dir='ltr'>universam</span> <span class='ocrx_word' id='word_1_16' title='bbox 400 390 491 433; x_wconf 89' lang='lat' dir='ltr'>terram</span> <span class='ocrx_word' id='word_1_17' title='bbox 521 385 602 433; x_wconf 79' lang='lat' dir='ltr'>ritum.</span> <span class='ocrx_word' id='word_1_18' title='bbox 640 384 673 432; x_wconf 87' lang='lat' dir='ltr'>Et</span> <span class='ocrx_word' id='word_1_19' title='bbox 689 399 746 432; x_wconf 89' lang='lat' dir='ltr'>ecce</span> <span class='ocrx_word' id='word_1_20' title='bbox 762 383 843 432; x_wconf 87' lang='lat' dir='ltr'>velum</span> <span class='ocrx_word' id='word_1_21' title='bbox 860 384 947 447; x_wconf 90' lang='lat' dir='ltr'>templi</span> 
     </span>
     <span class='ocr_line' id='line_1_4' title="bbox 63 448 948 513; baseline 0 -17"><span class='ocrx_word' id='word_1_22' title='bbox 63 449 195 513; x_wconf 90' lang='lat' dir='ltr'>usquead</span> <span class='ocrx_word' id='word_1_23' title='bbox 216 448 304 497; x_wconf 89' lang='lat' dir='ltr'>horam</span> <span class='ocrx_word' id='word_1_24' title='bbox 323 464 421 497; x_wconf 75' lang='lat' dir='ltr'>nonam,</span> <span class='ocrx_word' id='word_1_25' title='bbox 458 449 492 496; x_wconf 89' lang='lat' dir='ltr'>Et</span> <span class='ocrx_word' id='word_1_26' title='bbox 521 449 623 497; x_wconf 90' lang='lat' dir='ltr'>scissum</span> <span class='ocrx_word' id='word_1_27' title='bbox 645 455 681 498; x_wconf 89' lang='lat' dir='ltr'>est</span> <span class='ocrx_word' id='word_1_28' title='bbox 701 448 807 498; x_wconf 88' lang='lat' dir='ltr'>induas</span> <span class='ocrx_word' id='word_1_29' title='bbox 829 455 910 512; x_wconf 88' lang='lat' dir='ltr'>partes</span> <span class='ocrx_word' id='word_1_30' title='bbox 933 464 948 496; x_wconf 91' lang='lat' dir='ltr'>a</span> 
     </span>
     <span class='ocr_line' id='line_1_5' title="bbox 64 513 948 576; baseline 0 -15"><span class='ocrx_word' id='word_1_31' title='bbox 64 514 131 562; x_wconf 86' lang='lat' dir='ltr'>circa</span> <span class='ocrx_word' id='word_1_32' title='bbox 153 513 243 561; x_wconf 89' lang='lat' dir='ltr'>horam</span> <span class='ocrx_word' id='word_1_33' title='bbox 263 528 356 561; x_wconf 91' lang='lat' dir='ltr'>nonam</span> <span class='ocrx_word' id='word_1_34' title='bbox 378 513 492 561; x_wconf 90' lang='lat' dir='ltr'>clamavit</span> <span class='ocrx_word' id='word_1_35' title='bbox 522 514 874 576; x_wconf 82' lang='lat' dir='ltr'>summousquedeorsum3et</span> <span class='ocrx_word' id='word_1_36' title='bbox 884 520 948 561; x_wconf 90' lang='lat' dir='ltr'>terra</span> 
     </span>
     <span class='ocr_line' id='line_1_6' title="bbox 61 577 945 688; baseline 0 -63"><span class='ocrx_word' id='word_1_37' title='bbox 61 577 136 688; x_wconf 46' lang='lat' dir='ltr'>{zesus</span> <span class='ocrx_word' id='word_1_38' title='bbox 167 593 229 626; x_wconf 89' lang='lat' dir='ltr'>voce</span> <span class='ocrx_word' id='word_1_39' title='bbox 260 592 357 639; x_wconf 58' lang='lat' dir='ltr'>magna„</span> <span class='ocrx_word' id='word_1_40' title='bbox 390 577 492 626; x_wconf 86' lang='lat' dir='ltr'>dicens:</span> <span class='ocrx_word' id='word_1_41' title='bbox 522 584 592 626; x_wconf 89' lang='lat' dir='ltr'>mota</span> <span class='ocrx_word' id='word_1_42' title='bbox 602 585 646 634; x_wconf 90' lang='lat' dir='ltr'>est,</span> <span class='ocrx_word' id='word_1_43' title='bbox 661 584 685 626; x_wconf 91' lang='lat' dir='ltr'>et</span> <span class='ocrx_word' id='word_1_44' title='bbox 696 585 771 641; x_wconf 85' lang='lat' dir='ltr'>petrae</span> <span class='ocrx_word' id='word_1_45' title='bbox 787 579 867 626; x_wconf 89' lang='lat' dir='ltr'>scissae</span> <span class='ocrx_word' id='word_1_46' title='bbox 880 585 945 636; x_wconf 87' lang='lat' dir='ltr'>sunt,</span> 
     </span>
     <span class='ocr_line' id='line_1_7' title="bbox 88 641 948 705; baseline 0.002 -17"><span class='ocrx_word' id='word_1_47' title='bbox 88 642 114 702; x_wconf 88' lang='lat' dir='ltr'>li,</span> <span class='ocrx_word' id='word_1_48' title='bbox 142 641 192 700; x_wconf 86' lang='lat' dir='ltr'>Eli,</span> <span class='ocrx_word' id='word_1_49' title='bbox 216 641 309 688; x_wconf 89' lang='lat' dir='ltr'>lamma</span> <span class='ocrx_word' id='word_1_50' title='bbox 331 641 494 689; x_wconf 85' lang='lat' dir='ltr'>sabacthani?</span> <span class='ocrx_word' id='word_1_51' title='bbox 523 649 547 689; x_wconf 92' lang='lat' dir='ltr'>et</span> <span class='ocrx_word' id='word_1_52' title='bbox 559 648 720 690; x_wconf 88' lang='lat' dir='ltr'>monumenta</span> <span class='ocrx_word' id='word_1_53' title='bbox 732 648 817 705; x_wconf 87' lang='lat' dir='ltr'>aperta</span> <span class='ocrx_word' id='word_1_54' title='bbox 832 649 906 690; x_wconf 89' lang='lat' dir='ltr'>sunt:</span> <span class='ocrx_word' id='word_1_55' title='bbox 923 648 948 690; x_wconf 91' lang='lat' dir='ltr'>et</span> 
     </span>
     <span class='ocr_line' id='line_1_8' title="bbox 63 705 948 769; baseline 0.002 -17"><span class='ocrx_word' id='word_1_56' title='bbox 63 706 113 754; x_wconf 91' lang='lat' dir='ltr'>hoc</span> <span class='ocrx_word' id='word_1_57' title='bbox 140 712 195 754; x_wconf 85' lang='lat' dir='ltr'>est:</span> <span class='ocrx_word' id='word_1_58' title='bbox 225 705 295 753; x_wconf 88' lang='lat' dir='ltr'>Deus</span> <span class='ocrx_word' id='word_1_59' title='bbox 322 720 398 764; x_wconf 77' lang='lat' dir='ltr'>meuS,</span> <span class='ocrx_word' id='word_1_60' title='bbox 423 705 493 754; x_wconf 91' lang='lat' dir='ltr'>Deus</span> <span class='ocrx_word' id='word_1_61' title='bbox 523 706 601 753; x_wconf 90' lang='lat' dir='ltr'>multa</span> <span class='ocrx_word' id='word_1_62' title='bbox 617 721 721 769; x_wconf 89' lang='lat' dir='ltr'>corpora</span> <span class='ocrx_word' id='word_1_63' title='bbox 737 713 886 764; x_wconf 90' lang='lat' dir='ltr'>sanctorum,</span> <span class='ocrx_word' id='word_1_64' title='bbox 905 706 948 769; x_wconf 93' lang='lat' dir='ltr'>qui</span> 
     </span>
     <span class='ocr_line' id='line_1_9' title="bbox 63 769 949 834; baseline 0 -16"><span class='ocrx_word' id='word_1_65' title='bbox 63 785 143 828; x_wconf 84' lang='lat' dir='ltr'>meus,</span> <span class='ocrx_word' id='word_1_66' title='bbox 157 769 256 833; x_wconf 85' lang='lat' dir='ltr'>utquid</span> <span class='ocrx_word' id='word_1_67' title='bbox 267 769 418 834; x_wconf 85' lang='lat' dir='ltr'>dereliquisti</span> <span class='ocrx_word' id='word_1_68' title='bbox 435 771 495 818; x_wconf 82' lang='lat' dir='ltr'>me?</span> <span class='ocrx_word' id='word_1_69' title='bbox 524 770 681 828; x_wconf 87' lang='lat' dir='ltr'>dormierant,</span> <span class='ocrx_word' id='word_1_70' title='bbox 710 777 870 818; x_wconf 86' lang='lat' dir='ltr'>surrexerunt.</span> <span class='ocrx_word' id='word_1_71' title='bbox 916 771 949 818; x_wconf 89' lang='lat' dir='ltr'>Et</span> 
     </span>
     <span class='ocr_line' id='line_1_10' title="bbox 65 833 948 897; baseline 0.001 -16"><span class='ocrx_word' id='word_1_72' title='bbox 65 833 177 895; x_wconf 88' lang='lat' dir='ltr'>Quidam</span> <span class='ocrx_word' id='word_1_73' title='bbox 194 841 277 882; x_wconf 89' lang='lat' dir='ltr'>autern</span> <span class='ocrx_word' id='word_1_74' title='bbox 293 833 344 881; x_wconf 89' lang='lat' dir='ltr'>illic</span> <span class='ocrx_word' id='word_1_75' title='bbox 355 841 454 893; x_wconf 71' lang='lat' dir='ltr'>stantes,</span> <span class='ocrx_word' id='word_1_76' title='bbox 470 841 494 882; x_wconf 91' lang='lat' dir='ltr'>et</span> <span class='ocrx_word' id='word_1_77' title='bbox 524 841 639 882; x_wconf 90' lang='lat' dir='ltr'>exeuntes</span> <span class='ocrx_word' id='word_1_78' title='bbox 656 834 688 881; x_wconf 90' lang='lat' dir='ltr'>de</span> <span class='ocrx_word' id='word_1_79' title='bbox 707 835 872 883; x_wconf 89' lang='lat' dir='ltr'>monumentis</span> <span class='ocrx_word' id='word_1_80' title='bbox 891 841 948 897; x_wconf 91' lang='lat' dir='ltr'>post</span> 
     </span>
     <span class='ocr_line' id='line_1_11' title="bbox 64 897 948 961; baseline 0 -15"><span class='ocrx_word' id='word_1_81' title='bbox 64 898 202 957; x_wconf 85' lang='lat' dir='ltr'>audientes,</span> <span class='ocrx_word' id='word_1_82' title='bbox 239 897 375 946; x_wconf 81' lang='lat' dir='ltr'>dicebant:</span> <span class='ocrx_word' id='word_1_83' title='bbox 412 898 494 946; x_wconf 79' lang='lat' dir='ltr'>liliam</span> <span class='ocrx_word' id='word_1_84' title='bbox 524 898 724 946; x_wconf 75' lang='lat' dir='ltr'>resurrectionem</span> <span class='ocrx_word' id='word_1_85' title='bbox 746 898 805 961; x_wconf 88' lang='lat' dir='ltr'>ejus,</span> <span class='ocrx_word' id='word_1_86' title='bbox 831 906 948 946; x_wconf 90' lang='lat' dir='ltr'>venerunt</span> 
     </span>
     <span class='ocr_line' id='line_1_12' title="bbox 64 961 948 1026; baseline -0.001 -15"><span class='ocrx_word' id='word_1_87' title='bbox 64 971 139 1011; x_wconf 87' lang='lat' dir='ltr'>vocat</span> <span class='ocrx_word' id='word_1_88' title='bbox 147 963 200 1011; x_wconf 91' lang='lat' dir='ltr'>iste.</span> <span class='ocrx_word' id='word_1_89' title='bbox 231 961 265 1009; x_wconf 91' lang='lat' dir='ltr'>Et</span> <span class='ocrx_word' id='word_1_90' title='bbox 273 961 495 1011; x_wconf 86' lang='lat' dir='ltr'>continuocurrens</span> <span class='ocrx_word' id='word_1_91' title='bbox 524 962 551 1010; x_wconf 93' lang='lat' dir='ltr'>in</span> <span class='ocrx_word' id='word_1_92' title='bbox 573 970 684 1010; x_wconf 87' lang='lat' dir='ltr'>sanctam</span> <span class='ocrx_word' id='word_1_93' title='bbox 706 963 837 1021; x_wconf 86' lang='lat' dir='ltr'>civitatem,</span> <span class='ocrx_word' id='word_1_94' title='bbox 860 971 884 1011; x_wconf 88' lang='lat' dir='ltr'>et</span> <span class='ocrx_word' id='word_1_95' title='bbox 905 978 948 1026; x_wconf 88' lang='lat' dir='ltr'>ap·</span> 
     </span>
     <span class='ocr_line' id='line_1_13' title="bbox 64 1026 949 1090; baseline 0 -16"><span class='ocrx_word' id='word_1_96' title='bbox 64 1042 130 1075; x_wconf 89' lang='lat' dir='ltr'>unns</span> <span class='ocrx_word' id='word_1_97' title='bbox 139 1043 169 1075; x_wconf 89' lang='lat' dir='ltr'>ex</span> <span class='ocrx_word' id='word_1_98' title='bbox 178 1027 214 1075; x_wconf 93' lang='lat' dir='ltr'>eis</span> <span class='ocrx_word' id='word_1_99' title='bbox 225 1032 353 1090; x_wconf 90' lang='lat' dir='ltr'>acceptam</span> <span class='ocrx_word' id='word_1_100' title='bbox 364 1026 495 1090; x_wconf 88' lang='lat' dir='ltr'>spongiam</span> <span class='ocrx_word' id='word_1_101' title='bbox 524 1033 657 1090; x_wconf 89' lang='lat' dir='ltr'>paruerunt</span> <span class='ocrx_word' id='word_1_102' title='bbox 690 1027 780 1075; x_wconf 90' lang='lat' dir='ltr'>multis.</span> <span class='ocrx_word' id='word_1_103' title='bbox 831 1026 949 1074; x_wconf 88' lang='lat' dir='ltr'>Centurio</span> 
     </span>
     <span class='ocr_line' id='line_1_14' title="bbox 64 1090 946 1154; baseline -0.001 -15"><span class='ocrx_word' id='word_1_104' title='bbox 64 1090 181 1154; x_wconf 89' lang='lat' dir='ltr'>implevit</span> <span class='ocrx_word' id='word_1_105' title='bbox 212 1097 290 1149; x_wconf 89' lang='lat' dir='ltr'>aceto,</span> <span class='ocrx_word' id='word_1_106' title='bbox 322 1097 347 1140; x_wconf 89' lang='lat' dir='ltr'>et</span> <span class='ocrx_word' id='word_1_107' title='bbox 377 1091 495 1154; x_wconf 90' lang='lat' dir='ltr'>imposuit</span> <span class='ocrx_word' id='word_1_108' title='bbox 525 1097 614 1150; x_wconf 87' lang='lat' dir='ltr'>autem,</span> <span class='ocrx_word' id='word_1_109' title='bbox 637 1091 723 1154; x_wconf 90' lang='lat' dir='ltr'>etqui</span> <span class='ocrx_word' id='word_1_110' title='bbox 744 1106 801 1139; x_wconf 91' lang='lat' dir='ltr'>cum</span> <span class='ocrx_word' id='word_1_111' title='bbox 820 1107 851 1139; x_wconf 92' lang='lat' dir='ltr'>eo</span> <span class='ocrx_word' id='word_1_112' title='bbox 870 1098 946 1148; x_wconf 91' lang='lat' dir='ltr'>erant,</span> 
     </span>
     <span class='ocr_line' id='line_1_15' title="bbox 65 1154 949 1218; baseline 0 -16"><span class='ocrx_word' id='word_1_113' title='bbox 65 1155 189 1214; x_wconf 89' lang='lat' dir='ltr'>arundini,</span> <span class='ocrx_word' id='word_1_114' title='bbox 212 1164 237 1203; x_wconf 92' lang='lat' dir='ltr'>et</span> <span class='ocrx_word' id='word_1_115' title='bbox 256 1154 332 1203; x_wconf 91' lang='lat' dir='ltr'>dabat</span> <span class='ocrx_word' id='word_1_116' title='bbox 354 1155 377 1203; x_wconf 92' lang='lat' dir='ltr'>ei</span> <span class='ocrx_word' id='word_1_117' title='bbox 399 1155 491 1203; x_wconf 89' lang='lat' dir='ltr'>bibere.</span> <span class='ocrx_word' id='word_1_118' title='bbox 525 1155 689 1204; x_wconf 90' lang='lat' dir='ltr'>custodientes</span> <span class='ocrx_word' id='word_1_119' title='bbox 698 1155 791 1218; x_wconf 87' lang='lat' dir='ltr'>Jesum,</span> <span class='ocrx_word' id='word_1_120' title='bbox 805 1155 858 1202; x_wconf 90' lang='lat' dir='ltr'>viso</span> <span class='ocrx_word' id='word_1_121' title='bbox 869 1162 949 1203; x_wconf 87' lang='lat' dir='ltr'>terrae·</span> 
     </span>
     <span class='ocr_line' id='line_1_16' title="bbox 66 1218 948 1283; baseline -0.001 -16"><span class='ocrx_word' id='word_1_122' title='bbox 66 1219 151 1268; x_wconf 88' lang='lat' dir='ltr'>Ceteri</span> <span class='ocrx_word' id='word_1_123' title='bbox 166 1234 225 1268; x_wconf 87' lang='lat' dir='ltr'>vero</span> <span class='ocrx_word' id='word_1_124' title='bbox 237 1218 371 1267; x_wconf 84' lang='lat' dir='ltr'>dicebant:</span> <span class='ocrx_word' id='word_1_125' title='bbox 388 1218 449 1268; x_wconf 89' lang='lat' dir='ltr'>Sine</span> <span class='ocrx_word' id='word_1_126' title='bbox 459 1219 494 1266; x_wconf 89' lang='lat' dir='ltr'>vi-</span> <span class='ocrx_word' id='word_1_127' title='bbox 524 1228 594 1267; x_wconf 89' lang='lat' dir='ltr'>motu</span> <span class='ocrx_word' id='word_1_128' title='bbox 605 1227 630 1267; x_wconf 88' lang='lat' dir='ltr'>et</span> <span class='ocrx_word' id='word_1_129' title='bbox 645 1219 684 1267; x_wconf 91' lang='lat' dir='ltr'>his</span> <span class='ocrx_word' id='word_1_130' title='bbox 696 1234 752 1283; x_wconf 84' lang='lat' dir='ltr'>quae</span> <span class='ocrx_word' id='word_1_131' title='bbox 763 1218 863 1277; x_wconf 88' lang='lat' dir='ltr'>fiebant,</span> <span class='ocrx_word' id='word_1_132' title='bbox 877 1219 948 1266; x_wconf 89' lang='lat' dir='ltr'>timu·</span> 
     </span>
     <span class='ocr_line' id='line_1_17' title="bbox 65 1283 949 1342; baseline -0.002 -10"><span class='ocrx_word' id='word_1_133' title='bbox 65 1283 301 1332; x_wconf 86' lang='lat' dir='ltr'>deamusanveniat</span> <span class='ocrx_word' id='word_1_134' title='bbox 311 1283 380 1332; x_wconf 89' lang='lat' dir='ltr'>Elias</span> <span class='ocrx_word' id='word_1_135' title='bbox 388 1283 495 1332; x_wconf 86' lang='lat' dir='ltr'>liberans</span> <span class='ocrx_word' id='word_1_136' title='bbox 526 1290 596 1331; x_wconf 91' lang='lat' dir='ltr'>erunt</span> <span class='ocrx_word' id='word_1_137' title='bbox 617 1283 697 1342; x_wconf 88' lang='lat' dir='ltr'>valde,</span> <span class='ocrx_word' id='word_1_138' title='bbox 723 1283 853 1332; x_wconf 89' lang='lat' dir='ltr'>dicentes:</span> <span class='ocrx_word' id='word_1_139' title='bbox 885 1283 949 1331; x_wconf 91' lang='lat' dir='ltr'>Vere</span> 
     </span>
     <span class='ocr_line' id='line_1_18' title="bbox 65 1347 790 1412; baseline -0.001 -16"><span class='ocrx_word' id='word_1_140' title='bbox 65 1363 130 1396; x_wconf 79' lang='lat' dir='ltr'>eum</span> <span class='ocrx_word' id='word_1_141' title='bbox 182 1347 256 1412; x_wconf 89' lang='lat' dir='ltr'>Jesus</span> <span class='ocrx_word' id='word_1_142' title='bbox 289 1355 373 1397; x_wconf 88' lang='lat' dir='ltr'>autem</span> <span class='ocrx_word' id='word_1_143' title='bbox 406 1348 495 1396; x_wconf 89' lang='lat' dir='ltr'>iterum</span> <span class='ocrx_word' id='word_1_144' title='bbox 526 1347 604 1396; x_wconf 89' lang='lat' dir='ltr'>Filius</span> <span class='ocrx_word' id='word_1_145' title='bbox 615 1347 665 1397; x_wconf 91' lang='lat' dir='ltr'>Dei</span> <span class='ocrx_word' id='word_1_146' title='bbox 676 1354 728 1396; x_wconf 88' lang='lat' dir='ltr'>erat</span> <span class='ocrx_word' id='word_1_147' title='bbox 738 1347 790 1397; x_wconf 90' lang='lat' dir='ltr'>iste.</span> 
     </span>
    </p>
   </div>
   <div class='ocr_carea' id='block_1_3' title="bbox 253 1531 702 1611">
    <p class='ocr_par' dir='ltr' id='par_1_3' title="bbox 253 1531 702 1611">
     <span class='ocr_line' id='line_1_19' title="bbox 253 1531 702 1611; baseline -0.009 -21"><span class='ocrx_word' id='word_1_148' title='bbox 253 1605 256 1611; x_wconf 86' lang='lat'><em>.</em></span> <span class='ocrx_word' id='word_1_149' title='bbox 320 1531 392 1590; x_wconf 68' lang='lat' dir='ltr'>linia</span> <span class='ocrx_word' id='word_1_150' title='bbox 404 1531 702 1600; x_wconf 61' lang='lat' dir='ltr'>zamanaartrifiaatha</span> 
     </span>
    </p>
   </div>
   <div class='ocr_carea' id='block_1_4' title="bbox 66 1662 955 3200">
    <p class='ocr_par' dir='ltr' id='par_1_4' title="bbox 66 1662 950 2058">
     <span class='ocr_line' id='line_1_20' title="bbox 123 1662 950 1748; baseline -0.001 -27"><span class='ocrx_word' id='word_1_151' title='bbox 123 1663 211 1721; x_wconf 57' lang='lat' dir='ltr'>tntis</span> <span class='ocrx_word' id='word_1_152' title='bbox 222 1679 268 1731; x_wconf 61' lang='lat' dir='ltr'>utu</span> <span class='ocrx_word' id='word_1_153' title='bbox 279 1662 405 1731; x_wconf 61' lang='lat' dir='ltr'>finiatur.</span> <span class='ocrx_word' id='word_1_154' title='bbox 525 1673 601 1748; x_wconf 69' lang='lat' dir='ltr'>spexi3</span> <span class='ocrx_word' id='word_1_155' title='bbox 619 1680 645 1748; x_wconf 79' lang='lat' dir='ltr'>et</span> <span class='ocrx_word' id='word_1_156' title='bbox 661 1689 712 1722; x_wconf 89' lang='lat' dir='ltr'>non</span> <span class='ocrx_word' id='word_1_157' title='bbox 732 1680 783 1722; x_wconf 86' lang='lat' dir='ltr'>erat</span> <span class='ocrx_word' id='word_1_158' title='bbox 803 1673 950 1748; x_wconf 78' lang='lat' dir='ltr'>auxiliator:</span> 
     </span>
     <span class='ocr_line' id='line_1_21' title="bbox 272 1737 949 1851; baseline -0.001 -1.109"><span class='ocrx_word' id='word_1_159' title='bbox 189 1777 331 1826; x_wconf 51' lang='lat' dir='ltr'>aar.</span> <span class='ocrx_word' id='word_1_160' title='bbox 350 1790 369 1826; x_wconf 68' lang='grc' dir='ltr'>ι.</span> <span class='ocrx_word' id='word_1_161' title='bbox 525 1745 675 1851; x_wconf 63' lang='lat' dir='ltr'>unii</span> <span class='ocrx_word' id='word_1_162' title='bbox 688 1737 949 1850; x_wconf 47' lang='lat' dir='ltr'>stertinian:</span> 
     </span>
     <span class='ocr_line' id='line_1_22' title="bbox 140 1865 950 1930; baseline -0.002 -15"><span class='ocrx_word' id='word_1_163' title='bbox 140 1866 199 1916; x_wconf 88' lang='lat' dir='ltr'>UlS</span> <span class='ocrx_word' id='word_1_164' title='bbox 218 1873 254 1914; x_wconf 92' lang='lat' dir='ltr'>est</span> <span class='ocrx_word' id='word_1_165' title='bbox 265 1866 318 1925; x_wconf 89' lang='lat' dir='ltr'>iste,</span> <span class='ocrx_word' id='word_1_166' title='bbox 332 1867 375 1930; x_wconf 91' lang='lat' dir='ltr'>qui</span> <span class='ocrx_word' id='word_1_167' title='bbox 386 1868 453 1914; x_wconf 89' lang='lat' dir='ltr'>venit</span> <span class='ocrx_word' id='word_1_168' title='bbox 463 1865 495 1914; x_wconf 90' lang='lat' dir='ltr'>de</span> <span class='ocrx_word' id='word_1_169' title='bbox 526 1866 609 1915; x_wconf 92' lang='lat' dir='ltr'>chium</span> <span class='ocrx_word' id='word_1_170' title='bbox 640 1882 730 1925; x_wconf 90' lang='lat' dir='ltr'>meum,</span> <span class='ocrx_word' id='word_1_171' title='bbox 762 1872 786 1914; x_wconf 88' lang='lat' dir='ltr'>et</span> <span class='ocrx_word' id='word_1_172' title='bbox 813 1865 950 1929; x_wconf 88' lang='lat' dir='ltr'>indignatio</span> 
     </span>
     <span class='ocr_line' id='line_1_23' title="bbox 66 1869 945 2024; baseline 0 -46"><span class='ocrx_word' id='word_1_173' title='bbox 66 1869 131 2024; x_wconf 79' lang='lat' dir='ltr'>Q</span> <span class='ocrx_word' id='word_1_174' title='bbox 160 1930 496 1988; x_wconf 87' lang='lat' dir='ltr'>Edom‚tinctisvestibusde</span> <span class='ocrx_word' id='word_1_175' title='bbox 526 1946 582 1978; x_wconf 88' lang='lat' dir='ltr'>mea</span> <span class='ocrx_word' id='word_1_176' title='bbox 605 1931 660 1994; x_wconf 90' lang='lat' dir='ltr'>ipsa</span> <span class='ocrx_word' id='word_1_177' title='bbox 682 1930 798 1978; x_wconf 82' lang='lat' dir='ltr'>auxiliata</span> <span class='ocrx_word' id='word_1_178' title='bbox 820 1938 856 1978; x_wconf 92' lang='lat' dir='ltr'>est</span> <span class='ocrx_word' id='word_1_179' title='bbox 878 1931 945 1978; x_wconf 86' lang='lat' dir='ltr'>mihi.</span> 
     </span>
     <span class='ocr_line' id='line_1_24' title="bbox 161 1994 950 2058; baseline 0 -16"><span class='ocrx_word' id='word_1_180' title='bbox 161 1995 257 2043; x_wconf 83' lang='lat' dir='ltr'>Bosra?</span> <span class='ocrx_word' id='word_1_181' title='bbox 282 1995 333 2042; x_wconf 90' lang='lat' dir='ltr'>Iste</span> <span class='ocrx_word' id='word_1_182' title='bbox 341 1994 495 2043; x_wconf 79' lang='lat' dir='ltr'>formosusin</span> <span class='ocrx_word' id='word_1_183' title='bbox 527 1995 560 2043; x_wconf 90' lang='lat' dir='ltr'>Et</span> <span class='ocrx_word' id='word_1_184' title='bbox 579 1995 719 2043; x_wconf 89' lang='lat' dir='ltr'>conculcavi</span> <span class='ocrx_word' id='word_1_185' title='bbox 741 1994 847 2058; x_wconf 91' lang='lat' dir='ltr'>populos</span> <span class='ocrx_word' id='word_1_186' title='bbox 869 1995 895 2042; x_wconf 92' lang='lat' dir='ltr'>in</span> <span class='ocrx_word' id='word_1_187' title='bbox 915 1995 950 2042; x_wconf 86' lang='lat' dir='ltr'>fu·</span> 
     </span>
    </p>

    <p class='ocr_par' dir='ltr' id='par_1_5' title="bbox 66 2057 955 3200">
     <span class='ocr_line' id='line_1_25' title="bbox 66 2057 950 2121; baseline -0.001 -14"><span class='ocrx_word' id='word_1_188' title='bbox 66 2057 131 2108; x_wconf 89' lang='lat' dir='ltr'>stola</span> <span class='ocrx_word' id='word_1_189' title='bbox 153 2074 206 2117; x_wconf 87' lang='lat' dir='ltr'>sua,</span> <span class='ocrx_word' id='word_1_190' title='bbox 230 2058 343 2121; x_wconf 85' lang='lat' dir='ltr'>gradiens</span> <span class='ocrx_word' id='word_1_191' title='bbox 365 2059 392 2107; x_wconf 92' lang='lat' dir='ltr'>in</span> <span class='ocrx_word' id='word_1_192' title='bbox 413 2058 495 2107; x_wconf 89' lang='lat' dir='ltr'>multi·</span> <span class='ocrx_word' id='word_1_193' title='bbox 526 2074 581 2107; x_wconf 86' lang='lat' dir='ltr'>rore</span> <span class='ocrx_word' id='word_1_194' title='bbox 599 2075 663 2117; x_wconf 88' lang='lat' dir='ltr'>meo,</span> <span class='ocrx_word' id='word_1_195' title='bbox 684 2066 709 2107; x_wconf 93' lang='lat' dir='ltr'>et</span> <span class='ocrx_word' id='word_1_196' title='bbox 724 2059 844 2107; x_wconf 83' lang='lat' dir='ltr'>inebriavi</span> <span class='ocrx_word' id='word_1_197' title='bbox 864 2075 905 2107; x_wconf 88' lang='lat' dir='ltr'>eos</span> <span class='ocrx_word' id='word_1_198' title='bbox 924 2059 950 2106; x_wconf 91' lang='lat' dir='ltr'>in</span> 
     </span>
     <span class='ocr_line' id='line_1_26' title="bbox 67 2122 950 2186; baseline -0.001 -15"><span class='ocrx_word' id='word_1_199' title='bbox 67 2123 155 2172; x_wconf 86' lang='lat' dir='ltr'>tudine</span> <span class='ocrx_word' id='word_1_200' title='bbox 169 2122 320 2171; x_wconf 84' lang='lat' dir='ltr'>fortitudinis</span> <span class='ocrx_word' id='word_1_201' title='bbox 334 2138 391 2171; x_wconf 86' lang='lat' dir='ltr'>suae.</span> <span class='ocrx_word' id='word_1_202' title='bbox 429 2122 492 2185; x_wconf 85' lang='lat' dir='ltr'>Ego,</span> <span class='ocrx_word' id='word_1_203' title='bbox 526 2123 695 2186; x_wconf 85' lang='lat' dir='ltr'>indignatione</span> <span class='ocrx_word' id='word_1_204' title='bbox 706 2139 769 2180; x_wconf 91' lang='lat' dir='ltr'>mea,</span> <span class='ocrx_word' id='word_1_205' title='bbox 784 2131 808 2171; x_wconf 88' lang='lat' dir='ltr'>et</span> <span class='ocrx_word' id='word_1_206' title='bbox 820 2122 912 2172; x_wconf 86' lang='lat' dir='ltr'>detraxi</span> <span class='ocrx_word' id='word_1_207' title='bbox 924 2124 950 2171; x_wconf 93' lang='lat' dir='ltr'>in</span> 
     </span>
     <span class='ocr_line' id='line_1_27' title="bbox 67 2186 950 2252; baseline -0.001 -16"><span class='ocrx_word' id='word_1_208' title='bbox 67 2187 111 2252; x_wconf 90' lang='lat' dir='ltr'>qui</span> <span class='ocrx_word' id='word_1_209' title='bbox 132 2187 222 2251; x_wconf 90' lang='lat' dir='ltr'>loquor</span> <span class='ocrx_word' id='word_1_210' title='bbox 241 2186 369 2250; x_wconf 88' lang='lat' dir='ltr'>justitiam,</span> <span class='ocrx_word' id='word_1_211' title='bbox 392 2193 417 2236; x_wconf 90' lang='lat' dir='ltr'>et</span> <span class='ocrx_word' id='word_1_212' title='bbox 438 2202 495 2250; x_wconf 89' lang='lat' dir='ltr'>pro·</span> <span class='ocrx_word' id='word_1_213' title='bbox 526 2194 616 2236; x_wconf 85' lang='lat' dir='ltr'>terram</span> <span class='ocrx_word' id='word_1_214' title='bbox 624 2187 738 2236; x_wconf 88' lang='lat' dir='ltr'>virtutem</span> <span class='ocrx_word' id='word_1_215' title='bbox 748 2203 839 2236; x_wconf 89' lang='lat' dir='ltr'>eorum.</span> <span class='ocrx_word' id='word_1_216' title='bbox 876 2188 950 2235; x_wconf 88' lang='lat' dir='ltr'>Mise-</span> 
     </span>
     <span class='ocr_line' id='line_1_28' title="bbox 67 2251 948 2317; baseline -0.002 -17"><span class='ocrx_word' id='word_1_217' title='bbox 67 2258 194 2317; x_wconf 86' lang='lat' dir='ltr'>pugnator</span> <span class='ocrx_word' id='word_1_218' title='bbox 212 2266 267 2299; x_wconf 90' lang='lat' dir='ltr'>sum</span> <span class='ocrx_word' id='word_1_219' title='bbox 286 2251 319 2299; x_wconf 89' lang='lat' dir='ltr'>ad</span> <span class='ocrx_word' id='word_1_220' title='bbox 340 2251 492 2299; x_wconf 81' lang='lat' dir='ltr'>salvandum.</span> <span class='ocrx_word' id='word_1_221' title='bbox 527 2251 649 2299; x_wconf 89' lang='lat' dir='ltr'>rationum</span> <span class='ocrx_word' id='word_1_222' title='bbox 671 2252 773 2300; x_wconf 88' lang='lat' dir='ltr'>Domini</span> <span class='ocrx_word' id='word_1_223' title='bbox 794 2252 948 2310; x_wconf 87' lang='lat' dir='ltr'>recordabor,</span> 
     </span>
     <span class='ocr_line' id='line_1_29' title="bbox 69 2315 951 2379; baseline -0.002 -14"><span class='ocrx_word' id='word_1_224' title='bbox 69 2316 154 2378; x_wconf 81' lang='lat' dir='ltr'>Quare</span> <span class='ocrx_word' id='word_1_225' title='bbox 169 2331 229 2379; x_wconf 86' lang='lat' dir='ltr'>ergo</span> <span class='ocrx_word' id='word_1_226' title='bbox 248 2316 349 2363; x_wconf 90' lang='lat' dir='ltr'>rubrum</span> <span class='ocrx_word' id='word_1_227' title='bbox 369 2322 406 2364; x_wconf 90' lang='lat' dir='ltr'>est</span> <span class='ocrx_word' id='word_1_228' title='bbox 425 2315 495 2362; x_wconf 92' lang='lat' dir='ltr'>indu·</span> <span class='ocrx_word' id='word_1_229' title='bbox 526 2315 625 2364; x_wconf 88' lang='lat' dir='ltr'>laudem</span> <span class='ocrx_word' id='word_1_230' title='bbox 640 2315 742 2364; x_wconf 91' lang='lat' dir='ltr'>Domini</span> <span class='ocrx_word' id='word_1_231' title='bbox 753 2316 951 2379; x_wconf 90' lang='lat' dir='ltr'>superomnibus</span> 
     </span>
     <span class='ocr_line' id='line_1_30' title="bbox 68 2379 947 2442; baseline 0 -14"><span class='ocrx_word' id='word_1_232' title='bbox 68 2387 181 2429; x_wconf 90' lang='lat' dir='ltr'>mentum</span> <span class='ocrx_word' id='word_1_233' title='bbox 203 2387 280 2438; x_wconf 90' lang='lat' dir='ltr'>tuum,</span> <span class='ocrx_word' id='word_1_234' title='bbox 305 2387 330 2428; x_wconf 91' lang='lat' dir='ltr'>et</span> <span class='ocrx_word' id='word_1_235' title='bbox 351 2379 497 2428; x_wconf 89' lang='lat' dir='ltr'>vestimenta</span> <span class='ocrx_word' id='word_1_236' title='bbox 526 2395 582 2442; x_wconf 88' lang='lat' dir='ltr'>qnae</span> <span class='ocrx_word' id='word_1_237' title='bbox 601 2379 707 2428; x_wconf 90' lang='lat' dir='ltr'>reddidit</span> <span class='ocrx_word' id='word_1_238' title='bbox 726 2381 798 2428; x_wconf 91' lang='lat' dir='ltr'>nobis</span> <span class='ocrx_word' id='word_1_239' title='bbox 818 2381 947 2437; x_wconf 90' lang='lat' dir='ltr'>Dominus,</span> 
     </span>
     <span class='ocr_line' id='line_1_31' title="bbox 69 2443 950 2507; baseline -0.001 -15"><span class='ocrx_word' id='word_1_240' title='bbox 69 2452 112 2492; x_wconf 88' lang='lat' dir='ltr'>tua</span> <span class='ocrx_word' id='word_1_241' title='bbox 139 2443 202 2493; x_wconf 90' lang='lat' dir='ltr'>sicut</span> <span class='ocrx_word' id='word_1_242' title='bbox 230 2443 377 2492; x_wconf 88' lang='lat' dir='ltr'>calcantium</span> <span class='ocrx_word' id='word_1_243' title='bbox 399 2443 425 2492; x_wconf 92' lang='lat' dir='ltr'>in</span> <span class='ocrx_word' id='word_1_244' title='bbox 446 2450 496 2492; x_wconf 88' lang='lat' dir='ltr'>tor·</span> <span class='ocrx_word' id='word_1_245' title='bbox 527 2451 551 2492; x_wconf 92' lang='lat' dir='ltr'>et</span> <span class='ocrx_word' id='word_1_246' title='bbox 574 2460 648 2507; x_wconf 91' lang='lat' dir='ltr'>super</span> <span class='ocrx_word' id='word_1_247' title='bbox 668 2444 851 2493; x_wconf 89' lang='lat' dir='ltr'>multitudinem</span> <span class='ocrx_word' id='word_1_248' title='bbox 873 2446 950 2493; x_wconf 92' lang='lat' dir='ltr'>bono·</span> 
     </span>
     <span class='ocr_line' id='line_1_32' title="bbox 69 2508 951 2572; baseline -0.002 -15"><span class='ocrx_word' id='word_1_249' title='bbox 69 2508 167 2557; x_wconf 88' lang='lat' dir='ltr'>culari?</span> <span class='ocrx_word' id='word_1_250' title='bbox 185 2509 305 2564; x_wconf 86' lang='lat' dir='ltr'>Torcular</span> <span class='ocrx_word' id='word_1_251' title='bbox 316 2508 408 2557; x_wconf 86' lang='lat' dir='ltr'>calcavi</span> <span class='ocrx_word' id='word_1_252' title='bbox 419 2508 493 2565; x_wconf 92' lang='lat' dir='ltr'>solus,</span> <span class='ocrx_word' id='word_1_253' title='bbox 526 2524 581 2556; x_wconf 92' lang='lat' dir='ltr'>rum</span> <span class='ocrx_word' id='word_1_254' title='bbox 592 2509 677 2556; x_wconf 92' lang='lat' dir='ltr'>domui</span> <span class='ocrx_word' id='word_1_255' title='bbox 689 2509 773 2566; x_wconf 65' lang='lat' dir='ltr'>lsrael,</span> <span class='ocrx_word' id='word_1_256' title='bbox 785 2525 840 2572; x_wconf 87' lang='lat' dir='ltr'>quae</span> <span class='ocrx_word' id='word_1_257' title='bbox 851 2509 951 2570; x_wconf 81' lang='lat' dir='ltr'>largitus</span> 
     </span>
     <span class='ocr_line' id='line_1_33' title="bbox 69 2572 950 2635; baseline -0.002 -14"><span class='ocrx_word' id='word_1_258' title='bbox 69 2581 94 2621; x_wconf 87' lang='lat' dir='ltr'>et</span> <span class='ocrx_word' id='word_1_259' title='bbox 119 2573 153 2621; x_wconf 85' lang='lat' dir='ltr'>&#39;de</span> <span class='ocrx_word' id='word_1_260' title='bbox 180 2573 294 2635; x_wconf 90' lang='lat' dir='ltr'>gentibus</span> <span class='ocrx_word' id='word_1_261' title='bbox 322 2588 372 2621; x_wconf 92' lang='lat' dir='ltr'>non</span> <span class='ocrx_word' id='word_1_262' title='bbox 399 2580 436 2620; x_wconf 90' lang='lat' dir='ltr'>est</span> <span class='ocrx_word' id='word_1_263' title='bbox 460 2572 498 2619; x_wconf 90' lang='lat' dir='ltr'>vir</span> <span class='ocrx_word' id='word_1_264' title='bbox 527 2579 564 2620; x_wconf 89' lang='lat' dir='ltr'>est</span> <span class='ocrx_word' id='word_1_265' title='bbox 575 2573 610 2621; x_wconf 92' lang='lat' dir='ltr'>eis</span> <span class='ocrx_word' id='word_1_266' title='bbox 622 2574 757 2621; x_wconf 91' lang='lat' dir='ltr'>secundum</span> <span class='ocrx_word' id='word_1_267' title='bbox 773 2572 950 2635; x_wconf 84' lang='lat' dir='ltr'>indulgentiam</span> 
     </span>
     <span class='ocr_line' id='line_1_34' title="bbox 69 2635 950 2697; baseline -0.002 -12"><span class='ocrx_word' id='word_1_268' title='bbox 69 2652 187 2686; x_wconf 83' lang='lat' dir='ltr'>mecum:</span> <span class='ocrx_word' id='word_1_269' title='bbox 208 2637 299 2686; x_wconf 86' lang='lat' dir='ltr'>calcavi</span> <span class='ocrx_word' id='word_1_270' title='bbox 316 2653 358 2685; x_wconf 89' lang='lat' dir='ltr'>eos</span> <span class='ocrx_word' id='word_1_271' title='bbox 374 2637 401 2686; x_wconf 90' lang='lat' dir='ltr'>in</span> <span class='ocrx_word' id='word_1_272' title='bbox 416 2637 498 2685; x_wconf 87' lang='lat' dir='ltr'>furore</span> <span class='ocrx_word' id='word_1_273' title='bbox 527 2652 604 2697; x_wconf 90' lang='lat' dir='ltr'>suam,</span> <span class='ocrx_word' id='word_1_274' title='bbox 625 2645 649 2684; x_wconf 91' lang='lat' dir='ltr'>et</span> <span class='ocrx_word' id='word_1_275' title='bbox 665 2637 800 2685; x_wconf 88' lang='lat' dir='ltr'>secundum</span> <span class='ocrx_word' id='word_1_276' title='bbox 816 2635 950 2684; x_wconf 87' lang='lat' dir='ltr'>multitudi·</span> 
     </span>
     <span class='ocr_line' id='line_1_35' title="bbox 68 2701 946 2759; baseline -0.003 -10"><span class='ocrx_word' id='word_1_277' title='bbox 68 2716 134 2759; x_wconf 89' lang='lat' dir='ltr'>meo,</span> <span class='ocrx_word' id='word_1_278' title='bbox 155 2708 180 2749; x_wconf 94' lang='lat' dir='ltr'>et</span> <span class='ocrx_word' id='word_1_279' title='bbox 196 2701 338 2750; x_wconf 88' lang='lat' dir='ltr'>conculcavi</span> <span class='ocrx_word' id='word_1_280' title='bbox 355 2717 397 2750; x_wconf 92' lang='lat' dir='ltr'>eos</span> <span class='ocrx_word' id='word_1_281' title='bbox 415 2701 442 2749; x_wconf 93' lang='lat' dir='ltr'>in</span> <span class='ocrx_word' id='word_1_282' title='bbox 461 2701 498 2749; x_wconf 90' lang='lat' dir='ltr'>ira</span> <span class='ocrx_word' id='word_1_283' title='bbox 527 2716 585 2748; x_wconf 91' lang='lat' dir='ltr'>nem</span> <span class='ocrx_word' id='word_1_284' title='bbox 604 2701 823 2749; x_wconf 88' lang='lat' dir='ltr'>misericordiarum</span> <span class='ocrx_word' id='word_1_285' title='bbox 842 2715 946 2747; x_wconf 88' lang='lat' dir='ltr'>suarum.</span> 
     </span>
     <span class='ocr_line' id='line_1_36' title="bbox 69 2764 951 2829; baseline -0.003 -15"><span class='ocrx_word' id='word_1_286' title='bbox 69 2781 145 2815; x_wconf 86' lang='lat' dir='ltr'>mea:</span> <span class='ocrx_word' id='word_1_287' title='bbox 169 2771 195 2814; x_wconf 92' lang='lat' dir='ltr'>et</span> <span class='ocrx_word' id='word_1_288' title='bbox 214 2781 326 2829; x_wconf 88' lang='lat' dir='ltr'>aspersus</span> <span class='ocrx_word' id='word_1_289' title='bbox 344 2772 381 2814; x_wconf 92' lang='lat' dir='ltr'>est</span> <span class='ocrx_word' id='word_1_290' title='bbox 398 2765 497 2828; x_wconf 88' lang='lat' dir='ltr'>sanguis</span> <span class='ocrx_word' id='word_1_291' title='bbox 528 2766 561 2813; x_wconf 92' lang='lat' dir='ltr'>Et</span> <span class='ocrx_word' id='word_1_292' title='bbox 570 2765 647 2814; x_wconf 85' lang='lat' dir='ltr'>dixit:</span> <span class='ocrx_word' id='word_1_293' title='bbox 661 2765 837 2813; x_wconf 85' lang='lat' dir='ltr'>Verumtamen</span> <span class='ocrx_word' id='word_1_294' title='bbox 845 2764 951 2826; x_wconf 90' lang='lat' dir='ltr'>populus</span> 
     </span>
     <span class='ocr_line' id='line_1_37' title="bbox 70 2829 950 2894; baseline -0.006 -15"><span class='ocrx_word' id='word_1_295' title='bbox 70 2846 157 2879; x_wconf 88' lang='lat' dir='ltr'>eorum</span> <span class='ocrx_word' id='word_1_296' title='bbox 176 2845 251 2894; x_wconf 87' lang='lat' dir='ltr'>super</span> <span class='ocrx_word' id='word_1_297' title='bbox 267 2830 412 2878; x_wconf 87' lang='lat' dir='ltr'>vestimenta</span> <span class='ocrx_word' id='word_1_298' title='bbox 431 2845 494 2888; x_wconf 82' lang='lat' dir='ltr'>mea,</span> <span class='ocrx_word' id='word_1_299' title='bbox 527 2845 596 2878; x_wconf 90' lang='lat' dir='ltr'>meus</span> <span class='ocrx_word' id='word_1_300' title='bbox 616 2835 660 2887; x_wconf 91' lang='lat' dir='ltr'>est,</span> <span class='ocrx_word' id='word_1_301' title='bbox 682 2829 726 2876; x_wconf 90' lang='lat' dir='ltr'>filii</span> <span class='ocrx_word' id='word_1_302' title='bbox 746 2843 797 2876; x_wconf 92' lang='lat' dir='ltr'>non</span> <span class='ocrx_word' id='word_1_303' title='bbox 815 2835 950 2889; x_wconf 82' lang='lat' dir='ltr'>negantes:</span> 
     </span>
     <span class='ocr_line' id='line_1_38' title="bbox 70 2891 951 2943; baseline -0.005 -1"><span class='ocrx_word' id='word_1_304' title='bbox 70 2902 94 2943; x_wconf 81' lang='lat' dir='ltr'>et</span> <span class='ocrx_word' id='word_1_305' title='bbox 113 2894 200 2943; x_wconf 88' lang='lat' dir='ltr'>omnia</span> <span class='ocrx_word' id='word_1_306' title='bbox 220 2893 366 2943; x_wconf 88' lang='lat' dir='ltr'>indumenta</span> <span class='ocrx_word' id='word_1_307' title='bbox 386 2909 442 2942; x_wconf 89' lang='lat' dir='ltr'>mea</span> <span class='ocrx_word' id='word_1_308' title='bbox 460 2895 497 2942; x_wconf 91' lang='lat' dir='ltr'>in·</span> <span class='ocrx_word' id='word_1_309' title='bbox 528 2901 552 2942; x_wconf 92' lang='lat' dir='ltr'>et</span> <span class='ocrx_word' id='word_1_310' title='bbox 569 2893 645 2942; x_wconf 81' lang='lat' dir='ltr'>factus</span> <span class='ocrx_word' id='word_1_311' title='bbox 661 2900 697 2941; x_wconf 87' lang='lat' dir='ltr'>est</span> <span class='ocrx_word' id='word_1_312' title='bbox 713 2893 747 2940; x_wconf 89' lang='lat' dir='ltr'>eis</span> <span class='ocrx_word' id='word_1_313' title='bbox 764 2891 883 2940; x_wconf 80' lang='lat' dir='ltr'>Salvator.</span> <span class='ocrx_word' id='word_1_314' title='bbox 921 2893 951 2940; x_wconf 86' lang='lat' dir='ltr'>ln</span> 
     </span>
     <span class='ocr_line' id='line_1_39' title="bbox 70 2956 951 3022; baseline -0.003 -15"><span class='ocrx_word' id='word_1_315' title='bbox 70 2958 178 3022; x_wconf 87' lang='lat' dir='ltr'>qninavi.</span> <span class='ocrx_word' id='word_1_316' title='bbox 224 2958 287 3007; x_wconf 90' lang='lat' dir='ltr'>Dies</span> <span class='ocrx_word' id='word_1_317' title='bbox 309 2959 376 3006; x_wconf 90' lang='lat' dir='ltr'>enim</span> <span class='ocrx_word' id='word_1_318' title='bbox 396 2958 497 3006; x_wconf 89' lang='lat' dir='ltr'>ultionis</span> <span class='ocrx_word' id='word_1_319' title='bbox 528 2958 596 3006; x_wconf 91' lang='lat' dir='ltr'>omni</span> <span class='ocrx_word' id='word_1_320' title='bbox 618 2956 776 3005; x_wconf 84' lang='lat' dir='ltr'>tribulatione</span> <span class='ocrx_word' id='word_1_321' title='bbox 795 2971 880 3004; x_wconf 90' lang='lat' dir='ltr'>eorum</span> <span class='ocrx_word' id='word_1_322' title='bbox 900 2973 951 3006; x_wconf 88' lang='lat' dir='ltr'>non</span> 
     </span>
     <span class='ocr_line' id='line_1_40' title="bbox 70 3021 950 3086; baseline -0.001 -15"><span class='ocrx_word' id='word_1_323' title='bbox 70 3024 96 3071; x_wconf 91' lang='lat' dir='ltr'>in</span> <span class='ocrx_word' id='word_1_324' title='bbox 112 3023 189 3073; x_wconf 91' lang='lat' dir='ltr'>corde</span> <span class='ocrx_word' id='word_1_325' title='bbox 204 3038 270 3082; x_wconf 87' lang='lat' dir='ltr'>meo,</span> <span class='ocrx_word' id='word_1_326' title='bbox 289 3037 368 3071; x_wconf 87' lang='lat' dir='ltr'>annus</span> <span class='ocrx_word' id='word_1_327' title='bbox 385 3023 496 3086; x_wconf 90' lang='lat' dir='ltr'>redemp·</span> <span class='ocrx_word' id='word_1_328' title='bbox 528 3029 564 3070; x_wconf 90' lang='lat' dir='ltr'>est</span> <span class='ocrx_word' id='word_1_329' title='bbox 581 3022 718 3080; x_wconf 89' lang='lat' dir='ltr'>tribulatus,</span> <span class='ocrx_word' id='word_1_330' title='bbox 733 3028 757 3069; x_wconf 91' lang='lat' dir='ltr'>et</span> <span class='ocrx_word' id='word_1_331' title='bbox 768 3021 869 3083; x_wconf 89' lang='lat' dir='ltr'>angelus</span> <span class='ocrx_word' id='word_1_332' title='bbox 880 3022 950 3070; x_wconf 87' lang='lat' dir='ltr'>faciei</span> 
     </span>
     <span class='ocr_line' id='line_1_41' title="bbox 70 3085 955 3200; baseline -0.001 -63"><span class='ocrx_word' id='word_1_333' title='bbox 70 3088 152 3200; x_wconf 84' lang='lat' dir='ltr'>tionis6</span> <span class='ocrx_word' id='word_1_334' title='bbox 171 3103 235 3137; x_wconf 86' lang='lat' dir='ltr'>meae</span> <span class='ocrx_word' id='word_1_335' title='bbox 262 3087 336 3136; x_wconf 81' lang='lat' dir='ltr'>venit</span> <span class='ocrx_word' id='word_1_336' title='bbox 386 3086 495 3135; x_wconf 88' lang='lat' dir='ltr'>Circum·</span> <span class='ocrx_word' id='word_1_337' title='bbox 528 3085 580 3146; x_wconf 87' lang='lat' dir='ltr'>ejus</span> <span class='ocrx_word' id='word_1_338' title='bbox 593 3085 696 3135; x_wconf 87' lang='lat' dir='ltr'>salvavit</span> <span class='ocrx_word' id='word_1_339' title='bbox 707 3101 749 3136; x_wconf 88' lang='lat' dir='ltr'>eos</span> <span class='ocrx_word' id='word_1_340' title='bbox 762 3103 769 3136; x_wconf 74' lang='lat' dir='ltr'><strong><em>z</em></strong></span> <span class='ocrx_word' id='word_1_341' title='bbox 784 3085 955 3137; x_wconf 84' lang='lat' dir='ltr'>indilectione</span> 
     </span>
    </p>

    <p class='ocr_par' dir='ltr' id='par_1_6' title="bbox 155 3164 166 3199">
     <span class='ocr_line' id='line_1_42' title="bbox 155 3164 166 3199; baseline 0 0"><span class='ocrx_word' id='word_1_342' title='bbox 155 3164 166 3199; x_wconf 93' lang='lat'>1</span> 
     </span>
    </p>
   </div>
   <div class='ocr_carea' id='block_1_5' title="bbox 0 0 1031 3458">
    <p class='ocr_par' dir='ltr' id='par_1_7' title="bbox 0 0 1031 3458">
     <span class='ocr_line' id='line_1_43' title="bbox 0 0 1031 3458; baseline 0 0"><span class='ocrx_word' id='word_1_343' title='bbox 0 0 1031 3458; x_wconf 95' lang='lat' dir='ltr'> </span> 
     </span>
    </p>
   </div>
  </div>
 </body>
</html>
