2040 3458
71 104 219 173 oasim.
449 122 560 190 aalma

524 297 609 333 eornm
624 280 765 334 humiliasse

150 346 280 397 Psenuus
290 344 409 397 Lxxxt
523 346 765 399 tribulanteseosmi

135 474 328 529 XSULTATE
348 474 407 524 Deo
425 473 494 538 adju·
524 426 765 527 mffidDomm

160 540 300 591 torinostro
311 555 318 587 ε
326 537 495 603 jubilateDeo
525 539 549 590 ei
567 557 575 590 r
596 541 685 590 eterit
703 546 765 607 tem1

67 604 155 671 Jaoob
525 604 620 655 soeoula

102 667 200 721 Sumite
223 664 355 733 psalmum,
385 672 410 717 et
436 666 495 717 date
558 669 591 719 Et
607 669 700 719 cibavit
716 686 761 720 eos

68 730 396 847 ffiffldffifflmm
407 731 494 796 jucun·
525 733 602 847 miti
617 751 624 784 a
640 741 666 784 et
676 735 764 800 clepet

101 858 495 911 Buoemateinneomeniatuba:
526 813 577 847 mn
599 813 648 848 eos·

69 923 97 976 ln
107 924 199 989 insigni
214 923 256 973 dle
270 924 432 975 solemnitatis
442 940 496 974 ves·

103 1052 171 1117 Quis
193 1058 345 1119 praeoeptnm
365 1052 393 1102 in
420 1052 496 1103 Isra'ei

70 1124 108 1167 eti
121 1134 129 1167 t
144 1123 170 1167 et
178 1115 298 1183 juditium
309 1116 367 1166 Deo
375 1117 462 1183 Jacob.
603 1126 731 1177 Psamus
744 1126 765 1177 L

102 1180 283 1233 Testimonium
299 1181 326 1231 in
340 1180 435 1247 Joseph
450 1196 495 1247 po·

70 1244 120 1297 mit
134 1244 205 1306 illud,
218 1260 276 1296 oum
291 1245 369 1295 exiret
384 1246 417 1296 de
431 1252 497 1295 terra
596 1239 665 1291 EUS
690 1239 761 1290 stetit

227 1310 233 1323 ‘
614 1304 765 1354 deorumzir

526 1367 722 1432 deosdijudioet

103 1437 381 1490 Divertitaboneribus
395 1437 496 1488 dorsum
560 1434 697 1498 Usqueqno
721 1432 765 1496 jud

71 1502 125 1567 ejus
143 1520 151 1554 a
171 1518 260 1553 manus
276 1502 329 1567 ejus
344 1502 372 1552 in
388 1503 496 1568 cophino
527 1504 604 1548 tatem
622 1515 630 1547 a
652 1506 677 1547 et
699 1497 765 1547 facie

71 1566 211 1618 servierunt
526 1562 640 1611 sumitis?

104 1632 134 1680 In
147 1631 304 1681 tribulatione
315 1631 434 1680 invocasti
445 1647 492 1690 me,
557 1627 672 1690 Judicate
694 1642 765 1690 egent

71 1702 96 1744 et
112 1695 214 1746 liberavi
230 1703 255 1745 te
274 1714 280 1745 ε
299 1695 412 1745 exaudivi
429 1702 453 1744 te
470 1696 496 1743 in
527 1691 646 1739 humilem
668 1698 693 1739 et
715 1706 765 1754 pau

71 1760 216 1809 abscondito
241 1760 412 1825 tempestatis;
439 1775 496 1823 pro·
528 1763 588 1804 cate.

70 1824 129 1872 bavi
139 1832 164 1874 te
175 1824 241 1889 apud
253 1840 343 1890 aquam
359 1825 495 1873 contradic·
560 1819 654 1883 Eripite
662 1835 765 1883 paupere

71 1889 151 1938 tionis
527 1885 559 1932 de
570 1900 644 1932 manu
655 1891 765 1948 peccator

103 1952 172 2001 Audi
188 1953 295 2017 populus
311 1969 387 2012 meus,
402 1959 426 2002 et
438 1967 495 2001 con·
560 1949 714 2008 Nesciemnt,
730 1965 763 1997 ne

70 2017 180 2065 testabor
194 2022 219 2065 te
233 2034 240 2066 ε
258 2017 342 2077 Isra'e'l,
356 2017 376 2066 si
390 2017 496 2066 audieris
527 2021 582 2061 runt
594 2031 601 2072 ;
623 2014 648 2060 in
671 2014 765 2061 tenebri

70 2095 118 2140 me,
132 2095 183 2129 non
200 2081 245 2129 erit
257 2080 283 2129 in
295 2089 319 2130 te
330 2082 390 2130 deus
401 2097 492 2141 recens,
527 2079 691 2126 movebuntur
701 2079 765 2125 omn}

70 2159 87 2192 n
119 2159 150 2193 ue
161 2144 275 2193 adorabis
286 2144 360 2194 deum
371 2146 485 2194 alienum.
527 2150 603 2190 terrae.

126 2224 159 2272 go
189 2208 254 2257 enim
286 2225 340 2258 sum
374 2210 496 2258 Dominus
560 2207 615 2269 Ego
631 2207 689 2265 dixi,
711 2207 754 2254 Dii

71 2272 140 2321 Deus
159 2279 222 2332 tuus,
247 2273 290 2337 qui
317 2274 390 2322 eduxi
418 2282 443 2323 te
464 2275 496 2322 de
527 2271 727 2319 Excelsiomnes.

71 2345 135 2387 terra
146 2337 249 2400 AEgypti
264 2355 270 2385 :
287 2337 364 2386 dilata
376 2353 405 2386 os
416 2346 492 2398 tuum,
560 2336 612 2384 Vos
640 2342 723 2383 autem
751 2351 763 2383 s

71 2409 95 2450 et
105 2401 216 2466 implebo
227 2401 295 2450 illud.
526 2400 666 2448 moriemini
685 2417 691 2447 ε
710 2406 735 2447 et
758 2416 765 2447 s

103 2467 137 2515 Et
147 2481 198 2515 non
205 2466 298 2515 audivit
307 2466 413 2530 populus
425 2483 495 2515 meus
526 2465 678 2527 principibus
689 2464 765 2511 cadet

70 2546 157 2580 vocem
176 2545 257 2579 meam
277 2549 283 2579 z
305 2537 330 2580 et
350 2531 426 2579 Israel
444 2547 496 2580 non
560 2529 645 2590 Surge,
659 2529 735 2587 Deus,
748 2528 765 2590 ji

70 2596 176 2645 intendit
187 2595 254 2645 mihi.
526 2594 644 2656 quoniam
655 2600 682 2640 tu
693 2593 765 2640 haere<

103 2661 136 2710 Et
147 2661 230 2710 dimisi
246 2674 289 2709 eos
305 2659 440 2708 secundum
453 2660 494 2708 de·
525 2658 598 2706 nibus
608 2659 729 2720 gentibus.

70 2725 159 2774 sideria
169 2725 250 2774 cordis
264 2739 349 2773 eorum
363 2741 369 2773 ε
385 2724 457 2772 ibunt
468 2724 493 2771 in

70 2789 284 2839 adinventionibus
295 2789 351 2838 suis.
591 2805 719 2854 PSALMUS
734 2805 765 2854 L]

103 2853 132 2903 Si
158 2854 264 2918 populus
290 2870 360 2903 meus
387 2853 494 2902 audisset
710 2903 712 2907 ,

70 2933 137 2966 me:
160 2918 236 2968 Ismil
262 2918 283 2967 si
309 2919 336 2967 in
362 2918 409 2967 viis
433 2919 493 2966 meis
592 2918 669 2977 EUS,
680 2919 734 2981 quis
742 2921 765 2968 si:

70 2981 218 3032 ambulasset
229 3001 235 3032 z
611 2999 642 3031 ne
651 2990 739 3045 taceas,
750 2999 765 3033 n

103 3047 152 3094 Pro
167 3047 246 3096 nihilo
262 3046 363 3097 forsitan
381 3046 493 3097 inimicos
527 3047 595 3107 caris,
611 3047 695 3096 Deus:

134 3119 182 3173 270

553 976 620 1022 Dies
634 974 706 1025 XVI.
745 973 765 1028 ἦ
