2040 3458
123 158 242 206 Dieslx'.
509 153 619 220 putul.
890 160 936 207 Aa

121 305 205 370 inique
225 320 278 354 non
299 302 393 367 egimus
419 301 446 350 in
473 305 546 351 testass
611 301 700 368 Specie
713 309 764 352 'tua
782 309 810 352 et
827 302 937 367 pulchrit

121 377 206 419 mento
217 377 267 418 tuo.
578 372 638 416 tua:
670 367 936 432 intende„prospere-

156 435 189 485 Et
216 449 268 483 nou
295 434 393 481 recessit
419 437 485 480 retro
507 445 550 479 cor
581 432 650 491 cede,
663 439 782 495 etregna

122 507 250 548 nostrum:
267 504 292 546 et
305 496 433 546 declinasti
449 496 548 544 semitas
613 497 718 560 Propter
738 496 880 556 veritatem,
900 504 925 546 et

123 563 354 613 nostrasuviatua
580 561 743 620 suetudinem,
768 567 794 610 et
820 561 937 624 justitian

156 627 281 690 Quoniam
299 625 434 674 humiliasti
455 641 501 673 nos
522 624 549 672 in
580 625 686 675 deducet
704 634 729 675 te
745 625 897 675 mirabiliter
914 627 937 675 dr

124 692 180 740 loco
199 689 353 740 afflictionis=
381 698 406 739 et
424 689 550 754 cooperuit
580 698 630 739 tua.

124 771 169 805 nos
180 755 267 803 umbra
277 753 370 803 mortis.
614 754 718 818 Sagittae
733 761 783 803 tuae
803 761 903 816 acutae3
926 770 937 818 1

157 819 185 870 Si
197 818 268 868 obliti
284 834 367 867 sumus
384 818 485 866 Nomen
501 817 551 866 Dei
581 819 627 868 sub
642 827 667 868 te
678 819 785 868 cadent:
805 818 833 867 in
845 819 937 869 cordai

125 883 216 932 nostri:
227 889 252 932 et
262 883 283 932 si
292 882 454 946 expandimus
464 898 552 931 manus
582 899 667 933 corum
677 883 748 946 regis.

125 955 220 997 nostras
230 947 262 996 ad
273 948 348 996 deum
359 947 474 997 alienum.
616 948 692 997 Sedes
702 955 751 1007 tua,
764 947 843 1007 Deus,
857 947 885 996 in
896 963 937 997 saer

158 1012 250 1060 Nonne
270 1011 339 1060 Deus
360 1012 466 1076 requiret
487 1011 553 1060 ista?
582 1012 684 1062 saeculi:
699 1013 769 1076 virga
784 1012 930 1062 directionis

126 1077 180 1140 ipse
206 1077 273 1125 euim
305 1076 374 1125 novit
407 1076 553 1125 abscondita
582 1077 705 1140 regnitui.

127 1141 214 1190 cordis.
616 1140 730 1190 Dilexisti
744 1139 876 1204 justitiam,
896 1148 921 1192 et

159 1205 284 1268 Quoniam
305 1212 407 1317 propter
428 1212 453 1253 te
468 1203 552 1253 morti-
582 1205 617 1254 ini
635 1205 752 1254 uitatem:
784 1213 920 1271 propterea

127 1269 229 1319 ficamur
259 1276 313 1318 tota
362 1269 406 1318 ie:
438 1269 552 1318 aestimati
584 1277 608 1318 te
646 1285 696 1329 eus,
711 1270 780 1318 Deus
796 1277 862 1329 tuus,
877 1270 934 1320 oleo

127 1350 211 1384 sumus
222 1334 284 1383 sieut
295 1349 353 1383 oves
364 1334 500 1383 occisionis.
584 1335 625 1383 tiae
636 1350 687 1398 prae
699 1334 854 1383 consortibus
865 1336 923 1384 tuis.

160 1399 279 1461 Exsurge,
309 1414 384 1462 quare
417 1397 551 1456 obdormis,
617 1398 726 1462 Myrrha,
740 1405 765 1447 et
781 1406 861 1461 gutta,
876 1407 903 1448 et
919 1415 937 1448 c:

128 1463 255 1513 Domine?
281 1478 383 1526 exsurge
412 1469 436 1511 et
463 1477 495 1510 ne
516 1478 553 1510 re·
584 1463 736 1512 vestimentis
763 1463 820 1522 tuis,
851 1479 867 1512 a
900 1464 937 1513 do:

128 1528 206 1591 pellas
217 1528 243 1577 in
259 1527 341 1576 finem.
585 1526 697 1576 eburneis
708 1545 714 1576 :
734 1542 765 1575 ex
776 1528 866 1590 quibus
877 1528 937 1577 dele

162 1593 244 1654 Quare
258 1593 346 1640 faciem
363 1598 431 1639 tuam
447 1591 555 1639 avertis:
585 1599 641 1640 runt
659 1599 682 1640 te
695 1591 765 1640 Filiae
782 1607 868 1655 regum
880 1593 937 1641 inh

129 1657 279 1705 oblivisceris
302 1655 392 1719 inopiae
419 1663 508 1704 nostrae
531 1663 554 1703 et
586 1665 635 1705 tuo.

130 1721 293 1770 tribulationis
304 1722 412 1769 nostrae?
619 1720 705 1768 Astitit
724 1721 809 1782 regina
826 1737 842 1768 a
858 1722 937 1769 dextri

163 1786 288 1847 Quoniam
310 1786 439 1833 humiliata
465 1791 502 1832 est
530 1785 555 1845 in
586 1785 612 1833 in
621 1786 710 1833 vestitu
719 1786 852 1834 deaurato:
865 1787 937 1834 circui

130 1850 230 1912 pulvere
241 1850 324 1898 anima
337 1857 421 1898 nostra
436 1867 441 1897 :
456 1849 555 1910 conglu-
586 1851 709 1897 varietate.

130 1915 221 1962 tinatus
249 1923 285 1962 est
317 1915 343 1961 in
376 1922 440 1961 terra
472 1922 556 1961 venter
619 1914 760 1972 Audrfil‘ra,
772 1921 796 1962 et
807 1915 874 1973 vide,
889 1916 937 1964 ert

131 1986 219 2026 noster.
586 1994 670 2026 aurem
682 1985 763 2026 tuam:
782 1986 805 2026 et
815 1980 936 2028 oblivisce

163 2043 280 2104 Exsurge,
317 2043 433 2100 Domine,
467 2041 558 2104 adjuva
586 2043 672 2105 pulum
686 2050 763 2101 tuum,
778 2050 802 2091 et
819 2045 925 2093 domum

130 2122 191 2154 nos:
220 2115 244 2154 et
266 2107 358 2155 redime
385 2123 430 2156 nos
457 2114 558 2170 propter
587 2108 629 2155 tui.

132 2172 231 2219 Nomen
243 2179 318 2218 tuum.
620 2172 652 2220 Et
670 2172 825 2235 concupiscet
842 2189 886 2221 rex
903 2175 937 2222 de

587 2243 673 2284 tuum:
698 2237 816 2299 quoniam
835 2238 889 2300 ipse
909 2255 935 2286 es

233 2285 361 2332 PsnLMUS
374 2285 452 2333 XLV·
588 2301 669 2348 minus
682 2302 750 2349 Deus
762 2308 825 2359 tuus,
841 2310 866 2350 et
878 2304 937 2350 ador

197 2360 383 2410 RUCTAVIT
411 2378 556 2410 cormeum
588 2382 651 2413 eum.

220 2426 421 2473 verbumbonum
431 2445 436 2473 ι
447 2427 504 2474 dico
511 2444 557 2489 ego
621 2430 654 2477 Et
669 2428 725 2478 filiae
737 2430 797 2492 Tyri
813 2431 840 2477 in
857 2447 937 2479 mune:

132 2506 207 2556 opera
217 2506 273 2537 mea
284 2490 341 2552 regi.
588 2494 682 2541 vultum
716 2501 785 2541 tuum
818 2495 937 2557 deprecar

164 2556 261 2617 Lingua
271 2570 327 2601 mea
338 2554 445 2603 calamus
455 2556 557 2604 scribae:
588 2574 673 2606 omnes
684 2559 772 2606 divites
784 2559 873 2621 plebis.

132 2621 248 2669 velociter
259 2620 392 2667 scribentis.
622 2623 709 2671 Omnis
720 2623 799 2685 gloria
810 2622 863 2685 ejus
872 2624 930 2673 filiae

166 2687 297 2748 Speciosus
323 2683 402 2731 forma
423 2700 474 2747 prae
501 2683 557 2733 filiis
588 2687 621 2734 ab
643 2688 715 2745 intus,
740 2688 766 2734 in
788 2687 893 2736 fimbriis
922 2706 937 2736 a

133 2751 259 2798 hominum
270 2767 277 2809 ;
294 2748 381 2796 diffusa
392 2756 427 2797 est
443 2750 521 2811 gratia
532 2751 558 2796 in
588 2752 770 2799 circumamicta
780 2753 937 2802 varietatibus

133 2814 205 2862 labiis
216 2814 279 2863 tuis:
296 2820 425 2877 propterea
433 2814 558 2862 benedixit
622 2816 784 2863 Adducentur
818 2817 883 2879 Regi
910 2819 935 2865 vi

133 2883 158 2925 te
168 2877 237 2926 Deus
248 2880 274 2926 in
286 2886 410 2927 aeternum.
589 2887 645 2942 post
662 2896 733 2928 eam:
753 2882 874 2944 proximae
891 2882 937 2945 ejru

164 2941 302 3005 Accingere
319 2943 402 3006 gladio
422 2950 465 2991 tuo
486 2959 559 3006 super
589 2951 672 2993 rentur
683 2945 735 2993 tibi.

69 2972 309 3216 *summme
325 3008 500 3071 potentissime.
622 3010 762 3058 Afferentur
780 3008 807 3057 in
826 3008 914 3061 laetitia
933 3029 937 3058 ι
