2040 3458
241 182 373 240 boninitas
389 182 445 238 tlt.
458 185 517 249 nost
534 178 714 249 Epiphaniam.

51 318 76 366 in
94 319 167 368 vobis
186 319 347 376 abundanter,
365 320 391 366 in
411 318 478 367 omni
509 318 573 367 Cum
588 325 671 368 autem
687 319 800 368 crevisset
811 320 894 380 herba,
910 327 932 368 et

52 383 180 446 sapientia,
196 383 312 432 docentes
329 389 353 432 et
368 398 478 431 commo·
507 382 613 432 fructum
620 383 723 442 fecisset,
735 391 793 432 tunc
804 400 933 447 apparuer-

53 455 137 496 nentes
171 447 335 510 vosmetipsos
366 446 475 510 psalmis,
508 453 552 495 unt
563 447 691 496 etzizania
728 448 933 497 Accedentesau-
996 477 999 482 ·

53 510 157 574 hymnis,
179 518 204 560 et
225 505 327 560 canticis
347 511 478 575 spirituali·
508 517 559 559 tem
566 511 814 585 servipatrisfamilias
821 513 934 562 dixenrnt

54 574 105 634 bus,
119 575 147 624 in
157 575 238 638 gratia
253 582 378 624 cantantes
389 574 416 622 in
427 590 479 623 cor·
509 575 548 623 ei:
566 575 681 634 nomme,
695 591 778 625 nonne
788 576 882 624 bonum
897 593 933 625 se·

56 638 124 687 dibus
132 640 219 688 vestris
228 640 291 688 Deo.
312 640 394 688 Omne
402 640 479 703 quod·
509 654 567 686 men
588 640 713 688 seminasti
739 640 766 688 in
787 656 846 703 agro
869 642 935 690 tuo?
980 652 982 656 “

57 717 157 767 cumque
168 702 247 752 facitis
263 703 290 751 in
304 703 379 751 verbo
396 709 438 751 aut
454 703 480 751 in
510 703 585 751 Unde
602 719 660 766 ergo
670 703 745 752 habet
761 704 870 753 zizania?
901 706 934 753 Et

58 781 134 830 opere,
144 767 480 816 omniainnomineDomini
509 767 544 814 ait
564 765 631 816 illis:
655 768 772 817 Inimicus
793 769 869 818 homo
887 769 935 818 hoc

57 830 111 893 Jesu
138 831 239 889 Christi,
263 831 353 894 gratias
380 838 480 894 agentes
510 831 574 879 fecit.
616 831 686 880 Servi
713 840 795 880 autem
822 834 935 881 dixemnt

60 893 110 944 Deo
120 901 146 944 et
158 895 226 944 Patri
236 911 281 960 per
291 895 379 958 ipsum
510 895 550 943 ei:
577 894 631 955 Vis,
655 895 725 955 imus,
751 904 776 944 et
798 897 935 960 colligimus

510 961 559 1006 ea?
591 958 624 1006 Et
643 959 695 1008 ait:
720 960 797 1020 Non;
821 976 853 1009 ne
872 961 934 1009 sorte

168 1031 346 1099 fihgnpglmm,
510 1022 653 1097 colligentes
680 1024 777 1099 zizania,
808 1025 935 1099 eradicetis

150 1125 176 1176 S·
193 1125 323 1175 Mat-1111
345 1138 383 1186 24·
510 1087 590 1200 llll
608 1095 936 1215 tllqusstnttltlt

10 1274 12 1281 Ι
61 1213 216 1341 SIMILE
244 1214 335 1263 factum
363 1220 400 1262 est
427 1230 479 1276 reg·
509 1215 541 1262 ad
552 1230 663 1274 messem,
675 1222 699 1263 et
716 1219 741 1262 in
753 1224 862 1280 tempore
873 1232 935 1264 mes·

141 1294 204 1326 num
230 1279 349 1328 coelorum
374 1279 476 1338 homini,
508 1279 541 1327 sis
552 1279 633 1327 dicam
641 1279 804 1329 messoribus:
821 1281 936 1343 Colligite

10 1340 14 1348 “
61 1341 97 1404 qui
122 1343 252 1392 seminavit
274 1343 370 1392 bonum
396 1358 480 1391 semen
509 1343 616 1406 primum
631 1343 729 1402 zizania,
752 1352 776 1392 et
792 1344 890 1407 alligate
908 1349 936 1392 ea

61 1408 82 1454 in
96 1422 155 1470 agro
173 1423 236 1466 suo;
253 1423 309 1456 cum
325 1414 407 1455 autem
424 1407 480 1456 dor·
509 1407 536 1455 in
547 1407 673 1456 fasciculos
688 1408 720 1455 ad
733 1409 933 1467 comburendum,

10 1498 12 1503 ·
61 1471 143 1520 mirent
168 1471 289 1531 homines,
314 1472 381 1519 venit
408 1471 480 1519 inim·
510 1472 618 1520 tn'ticum
640 1478 722 1520 autem
741 1481 887 1536 congregate
909 1473 935 1520 in

60 1533 105 1584 icus
132 1535 192 1598 ejus,
223 1542 248 1584 et
278 1535 480 1599 superseminavit
510 1535 625 1584 horreum
636 1551 726 1584 meum.

59 1599 144 1648 zizania
155 1600 183 1648 in
191 1600 273 1649 medio
282 1600 364 1658 tritici,
376 1607 400 1648 et
409 1599 477 1648 abiit.

250 1796 381 1853 bominis
397 1796 474 1852 State
490 1800 547 1866 post
562 1796 738 1865 baubariam.

210 1953 311 2010 litatis.
642 1931 770 2000 Epistula.

122 2052 201 2112 EUS,
212 2051 429 2115 cujusbenedictus
440 2051 481 2100 Fi·
611 2038 621 2073 ¹
636 2026 661 2074 S·
675 2026 690 2089 J
692 2042 746 2074 ⁰³¹¹·
761 2025 795 2072 fii·
814 2037 832 2073 ¹·

155 2117 203 2165 lius
216 2116 242 2164 in
256 2117 304 2165 hoc
320 2117 441 2179 apparuit,
455 2123 482 2164 ut
577 2114 689 2162 IDETE
726 2113 824 2177 qualem
860 2113 936 2160 chari-

55 2181 172 2230 dissolvat
189 2196 265 2244 opera
280 2180 381 2239 diaboli,
396 2187 420 2228 et
436 2195 482 2228 nos
609 2185 686 2227 tatem
696 2177 765 2225 dedit
774 2177 845 2225 nobis
854 2178 934 2235 Pater,

55 2245 118 2294 lilios
130 2244 180 2294 Dei
196 2245 302 2308 vitaeque
318 2252 415 2294 aeternae
431 2244 481 2292 hae-
512 2251 538 2291 ut
546 2241 591 2291 filii
600 2243 648 2291 Dei
657 2242 812 2290 nominemur
820 2249 844 2289 et
851 2242 933 2289 simus.

54 2310 124 2358 redes
141 2308 247 2368 efficiat3
270 2310 317 2367 Da,
332 2323 479 2373 quaesumus,
513 2308 617 2371 Propter
627 2306 675 2355 hoc
690 2306 797 2354 mundus
808 2321 858 2353 non
870 2305 937 2353 novit

53 2382 80 2422 ut
98 2373 165 2422 hanc
187 2389 257 2436 spem
277 2373 404 2431 habentes,
426 2387 482 2420 nos·
513 2387 579 2420 nos:
612 2371 671 2435 quia
702 2385 753 2418 non
775 2370 844 2418 novit
871 2385 933 2417 eum.

54 2438 174 2501 metipsos
192 2437 255 2486 sicut
277 2445 301 2485 et
322 2436 365 2485 ille
386 2443 483 2486 sanctus
515 2435 664 2493 Charissimi,
682 2449 748 2483 nunc
767 2433 811 2482 tilii
833 2434 880 2481 Dei
899 2449 937 2481 su·

54 2509 89 2550 est
117 2500 319 2560 sanctificemus;
352 2507 479 2564 quatenus
513 2515 584 2548 mus:
602 2506 626 2548 et
636 2499 747 2546 nondum
755 2499 868 2561 apparuit
879 2496 937 2559 quid

54 2581 110 2614 cum
137 2565 165 2614 in
192 2573 313 2630 potestate
342 2580 433 2628 magna
460 2573 484 2612 et
514 2564 610 2612 erimus
647 2563 744 2612 Scimus
755 2562 871 2626 quoniam
883 2576 937 2608 cum

54 2629 183 2693 majestate
213 2630 302 2677 iterum
333 2629 481 2692 apparuerit,
514 2627 660 2691 apparuerit,
680 2627 771 2676 similes
793 2626 816 2674 ei
839 2625 935 2682 erimuS,

53 2695 147 2743 similes
163 2693 187 2742 ei
200 2693 333 2742 efficiamur
349 2693 375 2740 in
391 2701 483 2741 aetemo
514 2695 631 2756 quoniam
647 2692 784 2739 videbimus
796 2705 852 2738 eum
869 2688 938 2737 sicuti

52 2759 139 2822 gloriae
153 2757 206 2820 ejus
223 2772 316 2820 regn0;
332 2757 375 2806 ubi
392 2764 488 2824 tecum,
514 2764 557 2805 est.
594 2757 627 2804 Et
639 2756 718 2804 omnis
734 2755 777 2819 qui
787 2755 862 2802 habet
875 2753 939 2800 hanc

52 2823 134 2882 Pater,
147 2831 172 2872 et
180 2829 262 2870 tecum
270 2821 375 2884 Spiritus
383 2821 480 2880 Sancte,
514 2836 584 2883 spem
595 2821 621 2868 in
633 2836 670 2878 eo,
684 2819 819 2868 sanctificat
830 2834 862 2875 se,
877 2818 939 2865 sieut

52 2887 115 2936 vivit
127 2893 151 2936 et
160 2894 247 2949 regnat
256 2886 332 2945 Deus,
344 2901 388 2949 per
399 2885 482 2933 omnia
513 2892 537 2932 et
552 2884 594 2933 ille
605 2892 702 2932 sanctus
714 2890 756 2932 est.
793 2882 881 2931 Omnis
898 2881 938 2944 qui

53 2951 145 3000 saecula
156 2950 310 3000 saeculorum.
347 2953 435 2999 Amen.
513 2948 572 2996 iacit
588 2949 723 3012 peecatum,
743 2953 767 2996 et
784 2946 938 3010 iniquitatem

513 3013 590 3060 facit:
613 3019 637 3060 et
652 3018 782 3075 peccatum
798 3019 834 3058 est
851 3010 936 3072 iniqui-

513 3087 557 3125 tas
589 3077 621 3125 Et
630 3075 696 3125 scitis
708 3074 818 3139 quiaille
827 3073 942 3139 apparuit

117 3155 149 3203 47
