2040 3458
248 197 287 254 itu
302 198 353 254 uic
370 199 460 257 ⁶irruat
477 202 587 260 ioannis
603 203 779 275 Ehsuuultsta.

64 332 493 399 dabantStephanuminvocantem,
526 334 564 384 nis
580 335 679 400 sanguis
697 335 784 400 justus,
803 336 847 400 qui
863 335 952 385 effusus

65 408 88 447 et
112 399 259 448 dicentem
290 397 400 448 Domine
425 399 492 463 Jesu,
515 407 563 449 vest
581 416 656 464 super
677 407 775 459 terram,
797 416 813 449 a
834 401 953 463 sanguine

65 463 160 528 suscipe
181 463 299 526 spiritum
320 478 411 512 meum.
448 463 495 510 Po·
527 464 594 514 Abel
602 464 662 528 justi
673 480 751 528 usque
764 465 796 513 ad
807 465 952 528 sanguinem

66 526 116 576 sitis
136 533 223 576 autem
245 527 359 590 genibus,
380 526 496 576 clamavit
527 528 652 578 Zachaiiae
668 528 713 578 filii
729 529 863 587 Barachiae,
878 544 952 592 quem

66 606 125 640 voce
140 607 242 655 magna,
256 591 359 640 dicens:
376 591 493 650 Domine,
527 592 650 658 occidistis
681 594 745 642 inter
775 593 896 657 templum
928 599 952 641 et

68 670 96 704 ne
110 661 206 704 statuas
219 655 269 704 illis
287 655 337 703 hoc
355 662 492 718 peccatum
526 657 608 706 altare.
646 658 728 706 Amen
747 657 804 706 dico
818 657 897 716 vobis
911 672 952 705 ve·

69 719 220 769 Etcumhoc
227 719 337 780 dixisset,
345 719 496 768 obdormivit
526 721 594 769 nient
605 721 659 770 haec
670 722 753 771 omnia
764 737 837 785 super
850 737 952 784 genera·

69 784 222 833 inDomino.
526 788 620 833 tionem
635 785 715 834 istam
749 786 893 849 Jerusalem,
909 786 951 849 Je-

526 849 639 908 rusalem,
647 851 798 914 quaeoccidis
806 850 948 913 prophetas,

195 914 371 988 Etangzlium,
526 921 551 962 et
568 913 664 979 lapidas
680 929 723 964 eos
739 915 782 1025 <pai
798 915 829 962 ad
846 922 872 963 te
882 913 951 962 missi

154 1015 181 1066 s.
195 1016 270 1066 uae
284 1016 351 1066 xxu
367 1029 405 1079 34
526 978 951 1106 iiiiiiifi‘ulifiiiig‘miggiiff

131 1105 201 1155 CCE
210 1120 257 1169 ego
268 1105 340 1154 mitto
349 1105 432 1155 advos
440 1120 496 1169 pro·
526 1105 577 1154 lina
588 1112 720 1170 congregat
735 1106 816 1170 pullos
831 1121 888 1155 suos
904 1106 950 1154 sub

163 1170 261 1234 phetas,
280 1177 305 1218 et
323 1170 452 1233 sapientes,
471 1176 496 1219 et
526 1170 584 1229 alas,
604 1178 628 1218 et
645 1171 763 1219 noluisti?
795 1171 861 1219 Ecce
878 1170 950 1218 relin-

71 1248 114 1282 son
132 1249 166 1293 as,
181 1240 207 1282 et
222 1249 253 1283 ex
267 1233 316 1283 illis
332 1234 455 1292 occidetis,
471 1239 495 1283 et
525 1235 694 1298 queturvobis
709 1235 798 1283 domus
813 1242 893 1282 vestra
908 1234 950 1282 de·

73 1297 222 1360 crucifigetis,
241 1304 265 1346 et
284 1313 315 1346 ex
332 1298 367 1347 eis
386 1297 494 1361 flagella·
524 1305 595 1347 serta
632 1299 697 1347 Dico
716 1299 782 1347 enirn
801 1299 879 1358 vobis,
899 1313 950 1346 non

74 1361 126 1410 bitis
147 1363 175 1411 in
197 1362 329 1425 synagogis
350 1363 444 1421 vestris,
469 1369 494 1410 et
524 1378 564 1410 me
577 1362 692 1411 videbitis
706 1363 804 1421 amodo,
819 1363 898 1411 donec
913 1362 950 1411 di·

72 1426 248 1490 persequemini
257 1426 392 1475 decivitate
400 1426 427 1474 in
436 1425 493 1475 civi·
524 1427 601 1475 catis:
618 1427 773 1486 Benedictus,
787 1427 830 1491 qui
842 1427 908 1475 venit
923 1426 949 1474 in

72 1498 160 1539 tatem:
177 1498 205 1538 ut
216 1491 298 1538 veniat
307 1505 432 1554 supervos
440 1505 493 1538 om·
524 1490 634 1540 Nomine
646 1491 755 1540 Domini.

246 1632 282 1688 in
297 1633 346 1689 ffltc
361 1633 451 1690 §aaut
470 1633 578 1690 iratus
593 1634 776 1703 OEtauurlistac.

228 1743 329 1802 oratu.
524 1768 579 1816 quae
594 1759 646 1801 erat
663 1751 729 1815 apud
745 1752 851 1808 Patrem,
866 1759 889 1798 et
906 1765 948 1813 ap·

132 1837 261 1889 CCLESI
263 1840 318 1888 AM
334 1847 411 1900 tuam,
426 1856 493 1905 quae,
524 1817 605 1892 paruit
620 1816 709 1865 nobis:
726 1815 793 1890 quod
803 1815 909 1862 vidimus
918 1820 949 1889 ,et

164 1919 257 1963 sumus,
281 1905 417 1954 misericors
440 1906 492 1954 Do,
524 1882 669 1941 audivimus,
683 1887 857 1928 annuntiamus
867 1879 946 1935 vob1s,

69 1968 140 2028 mine,
149 1968 272 2030 benignus
279 1969 380 2029 illustra,
391 1969 492 2018 utbeafi
523 1952 551 1994 ut
570 1952 595 1994 et
613 1961 658 1994 vos
677 1945 820 1993 societatem
837 1943 949 1991 habeatis

66 2032 169 2142 {oannis
178 2032 296 2096 Apostoli
304 2033 340 2082 tui
348 2041 372 2083 et
380 2034 492 2097 Effinge,
522 2010 660 2068 nobiscum,
674 2016 699 2058 et
710 2009 813 2057 societas
824 2015 907 2056 nostra
918 2006 949 2054 sit

76 2096 129 2145 istae
139 2097 280 2145 illuminata
288 2097 411 2157 doctrinis,
423 2097 493 2146 stain
523 2090 580 2122 cum
598 2075 678 2133 Patre,
697 2080 721 2122 et
740 2087 797 2120 cum
814 2072 879 2119 Filio
898 2071 949 2132 ejus

67 2161 175 2209 veritatis
192 2166 242 2210 tuae
261 2161 353 2210 lumine
371 2161 490 2221 ambulet,
520 2139 580 2203 Jesu
588 2138 694 2187 Christo.
721 2136 949 2185 Ethaecscribimus

523 2203 593 2252 vobis
604 2210 631 2251 ut
642 2201 776 2265 gaudeatis,
791 2209 815 2248 et
830 2200 948 2264 gaudium

523 2273 631 2316 vestrum
648 2267 680 2315 sit
697 2266 806 2329 plenum
843 2265 876 2312 Et
895 2264 949 2311 haec

523 2339 559 2380 cst
565 2330 719 2380 annuntiatio
729 2345 803 2393 quam
810 2328 948 2377 audivimus

523 2396 555 2443 ab
573 2411 610 2453 eo,
630 2401 655 2444 et
672 2394 845 2442 annuntiamus
862 2392 947 2440 vobis:

213 2479 338 2547 mimi&
523 2458 948 2572 gdidiieminliirusnoiruiunisiilloii

177 2581 188 2618 ¹
203 2569 228 2619 S·
241 2570 313 2633 J02n·
328 2571 343 2619 i·
362 2583 381 2619 1.
524 2588 552 2636 Si
566 2587 699 2636 dixerimus
713 2587 829 2651 quoniam
846 2585 947 2632 societa-

138 2648 218 2699 UOD
229 2649 275 2698 fuit
286 2650 318 2698 ab
329 2650 407 2708 initio,
425 2649 493 2713 quod
523 2659 574 2700 tem
594 2652 715 2700 habemus
737 2666 794 2698 cum
816 2665 854 2706 eo,
875 2655 899 2696 et
921 2648 947 2695 in

154 2714 300 2773 audivimus,
311 2715 378 2789 quod
386 2714 493 2762 vidimus
522 2717 629 2765 tenebris
636 2715 797 2771 ambulamus,
805 2713 943 2770 mentimur,

154 2777 233 2827 oculis
248 2785 345 2837 nostns,
359 2778 427 2842 quod
437 2793 492 2841 per·
523 2789 547 2828 et
560 2781 688 2829 veritatem
705 2794 757 2825 non
772 2777 881 2825 facimus.
919 2776 946 2824 Si

62 2841 198 2906 speximus,
208 2848 232 2890 et
241 2857 327 2890 manus
336 2849 425 2891 nostrae
434 2857 492 2890 con·
523 2851 605 2892 autem
614 2845 640 2892 in
648 2844 702 2891 luce
711 2842 873 2898 ambulamus,
884 2840 946 2889 sieut

62 2913 230 2955 trectaverunt
246 2906 278 2954 de
291 2906 366 2955 verbo
378 2907 450 2955 vitae:
467 2913 491 2954 et
523 2915 547 2956 et
563 2908 616 2971 ipse
627 2914 663 2956 est
678 2909 703 2954 in
715 2906 787 2965 iuce;
804 2905 945 2953 societatem

62 2972 115 3018 vita
136 2970 294 3019 manifestata
315 2978 359 3029 est,
385 2977 410 3019 et
428 2970 490 3018 vidi·
520 2972 640 3020 habemus
648 2972 680 3016 nd
689 2970 801 3029 invicem,
813 2977 837 3017 et
848 2969 945 3032 sanguis

63 3050 126 3092 mus,
147 3041 172 3084 et
190 3041 314 3093 testamur,
334 3041 359 3083 et
377 3035 490 3083 annunti·
519 3036 580 3099 Jesu
597 3035 695 3093 Christi,
711 3034 768 3081 Filii
786 3033 844 3096 ejus,
860 3049 943 3082 emun-

63 3114 135 3148 amus
159 3099 231 3148 vobis
257 3100 334 3147 vitam
363 3112 488 3155 aetemam.
521 3099 564 3150 dat
577 3115 624 3150 nos
638 3100 671 3149 ab
685 3098 755 3149 omni
770 3105 880 3164 peccato.
916 3096 943 3146 Si

121 3172 160 3221 57

66 2231 93 2272 ut
110 2225 144 2273 ad
161 2224 220 2273 vitae
236 2226 392 2288 sempiternae
411 2226 492 2275 lucem

67 2289 169 2337 tandem
180 2289 314 2352 perveniat.
351 2291 493 2355 PerJesum

66 2353 195 2466 {mum
215 2353 353 2403 Dominum
371 2362 489 2403 nostrum.
