2040 3458
10 1252 16 1345 i

15 1886 21 1919 Ι

17 2222 21 2279 3
63 2202 153 2279 cunctis
173 2201 218 2265 qui
236 2201 377 2276 Christiana
395 2201 488 2265 profes-

18 2288 25 2301 ·
63 2281 129 2315 sione
140 2271 279 2324 censentur,
289 2271 313 2313 et
321 2265 366 2314 illa
376 2280 489 2340 respuere
537 2306 542 2317 .

18 2438 21 2459 ,
63 2402 86 2444 et
105 2410 136 2444 ea
155 2409 213 2458 quae
235 2400 293 2442 sunt
314 2401 373 2457 apta
391 2394 485 2443 sectari.

21 2473 23 2482 t

300 164 431 223 buntiana
449 167 533 225 bestia
551 175 608 236 nnat
625 173 735 240 bertha.

60 329 194 388 peecatum
215 338 268 373 non
294 322 361 382 fecit,
385 337 431 372 nec
457 321 495 370 im
528 329 611 387 pastor
628 322 736 371 animam
755 337 824 371 suam
843 322 887 372 dat
906 338 951 388 pro

62 395 150 438 vatus
170 395 209 437 est
227 388 299 437 dolus
318 388 345 435 in
364 402 407 436 ore
423 386 492 450 ejus:
525 387 612 436 ovibus
628 387 685 436 suis.
726 387 892 436 Mercenan'us
908 403 950 436 au-

61 453 102 516 qui
130 468 191 502 cum
217 451 412 510 malediceretur,
442 467 494 500 non
525 458 583 510 tem,
608 457 633 500 et
655 451 698 516 qui
720 467 771 500 non
794 459 830 500 est
857 459 948 515 pastor,

61 516 245 566 maledicebat:
275 531 331 564 cum
358 522 491 580 pateretur,
525 515 593 577 cujus
612 531 663 563 non
682 522 739 564 sunt
758 531 815 564 oves
833 516 947 579 propriae,

62 595 112 630 non
134 581 352 630 comminabatur:
379 579 493 628 tradebat
524 580 592 627 videt
608 579 694 643 lupum
710 580 857 639 venientem,
872 588 897 628 et
913 580 950 628 di·

61 652 145 694 autem
175 644 299 708 judicanti
329 660 355 694 se
384 643 492 706 injuste:
523 644 599 692 mittit
615 659 681 704 oves,
700 651 725 692 et
741 644 820 706 fugit:
837 651 862 692 et
877 644 950 707 lupus

61 709 103 772 qui
112 716 219 774 peccata
230 716 314 757 nostra
324 708 377 773 ipse
392 708 493 772 pertulit
523 708 594 771 rapit,
614 714 639 756 et
654 707 773 771 dispergit
789 723 865 757 oves:
886 724 950 756 mer·

61 774 86 822 in
105 788 211 837 corpore
229 789 274 822 suo
291 788 364 836 super
379 772 492 835 lignum3
523 771 633 820 cenarius
667 779 750 820 autem
785 772 855 835 sugit,
891 772 950 836 quia

61 844 87 886 ut
119 836 231 902 peccatis
263 839 362 895 mortui,
389 836 492 899 justitiae
522 836 684 884 mercenarius
707 844 750 895 est,
776 844 800 885 et
821 852 874 885 non
913 852 949 885 er-

61 901 189 951 vivamus=
216 901 286 965 cujus
312 901 390 950 livore
412 901 492 949 sanati
523 900 628 949 tinetad
642 916 698 949 eum
714 900 746 948 de
763 900 856 950 ovibus.
893 852 949 964 Ego

61 966 125 1014 estis
163 966 247 1015 Eratis
266 965 333 1014 enim
351 965 414 1013 sicut
433 980 492 1014 oves
522 980 576 1013 sum
586 972 671 1028 pastor
681 965 776 1013 bonus:
793 972 818 1014 et
827 980 950 1028 cognosco

62 1036 177 1088 errantes,
213 1029 256 1078 sed
290 1029 400 1078 conversi
433 1028 491 1078 estis
522 1044 597 1089 meas,
611 1034 635 1077 et
652 1036 803 1092 cognoscunt
819 1045 860 1078 me
875 1044 945 1078 meae.

61 1109 127 1143 nuuc
145 1094 180 1143 ad
197 1093 326 1143 Pastorem
344 1101 368 1142 et
388 1093 490 1157 Episco·
522 1093 592 1149 Sicut
610 1093 679 1142 novit
698 1109 739 1141 me
759 1093 838 1152 Pater,
858 1099 883 1142 et
902 1109 949 1156 ego

62 1159 422 1221 pumanimarumvestrarumt
521 1172 629 1220 agnosco
651 1157 765 1206 Patrem:
793 1165 817 1205 et
839 1158 948 1206 animam

285 1237 287 1241 ⁴
521 1237 602 1269 meam
618 1236 686 1284 pono
705 1236 751 1284 pro
770 1221 858 1270 ovibus
876 1222 944 1270 meis.

195 1287 367 1358 Euangelium,
521 1285 555 1334 Et
570 1285 631 1334 alias
648 1300 706 1334 oves
721 1284 809 1360 habeo,
826 1301 881 1349 quae
895 1301 949 1360 non

175 1386 201 1437 s·
215 1387 287 1450 J⁰²¹¹‘
302 1403 325 1436 ¹⁴
343 1399 379 1436 ¹¹¹
521 1348 811 1477 ἓξῗήεεῑκωξὲἓάιῗεᾝὲ,
825 1350 948 1462 eitvolclelansr

130 1475 213 1525 IXIT
241 1476 321 1539 Jesus,
353 1476 415 1540 Ego
435 1491 491 1525 sum
521 1493 602 1526 meam
624 1478 734 1535 audient,
759 1485 783 1526 et
806 1477 848 1527 fiet
869 1493 947 1526 unum

162 1547 249 1604 pastor
274 1540 361 1590 bonus.
405 1541 490 1590 Bonus
521 1542 593 1602 ovile,
608 1548 632 1591 et
643 1558 706 1590 unus
717 1550 807 1606 pastor.

294 1725 424 1782 beatitate
436 1727 520 1783 batia
531 1730 588 1795 unat
598 1727 705 1796 ittarta

220 1835 319 1890 erattu.
519 1856 635 1906 adversus
667 1855 783 1915 animam,
818 1871 945 1905 couversa-

128 1943 343 1994 Murroraus
355 1944 432 2004 neus,
444 1944 487 2008 qui
518 1924 611 1969 tinem
638 1927 744 1983 vestram.
771 1921 835 1969 inter
860 1927 946 1995 gentes

162 2009 307 2067 enantibus,
329 2015 357 2057 ut
376 2009 408 2057 in,
421 2009 488 2058 viam
519 1985 637 2034 habentes
664 1986 773 2034 bonam:
807 1991 834 2034 ut
856 2000 887 2060 'm
915 2000 945 2033 eo

63 2073 155 2136 possint
182 2073 264 2122 redire
287 2072 395 2136 justffiae,
425 2073 488 2122 veti,
519 2049 588 2112 quod
603 2049 740 2098 detrectant
756 2049 788 2098 de
804 2050 875 2098 vobis
892 2058 944 2097 tana

63 2138 117 2187 ,atis
135 2145 186 2186 ωε
204 2135 289 2185 lumen
305 2137 427 2186 ostendis,
447 2137 489 2185 1)a
518 2129 594 2177 quam
620 2113 652 2162 de
679 2113 885 2171 malefactoribus,
916 2126 946 2160 ex

518 2177 591 2226 bonis
618 2178 734 2290 oneribus
763 2193 807 2226 vos
835 2177 945 2226 conside-

520 2248 608 2301 rantes,
622 2257 639 2306 g
649 2241 759 2290 orificent
774 2242 856 2290 Deum
867 2242 893 2290 in
904 2241 946 2289 die

62 2345 115 2394 (μω
126 2329 299 2380 huicinimica
314 2336 371 2378 sunt
383 2329 486 2387 nommss
519 2306 680 2382 visitationis..
729 2306 840 2369 Subjecti
873 2306 946 2368 igitur

520 2376 598 2420 estote
614 2386 682 2419 omm
697 2369 813 2418 humanae
829 2379 945 2418 creaturae

63 2457 108 2508 per
123 2457 264 2507 Dominum
280 2465 390 2506 nostrum
404 2459 490 2523 Jesum
520 2441 621 2498 propter
632 2434 729 2483 Deum:
746 2435 797 2483 sive
806 2435 864 2497 regi,
876 2433 946 2498 quasi

64 2522 196 2572 christum
232 2524 313 2571 Amen
521 2498 669 2562 praecellenti
676 2517 683 2559 ;
699 2499 751 2547 sive
767 2500 878 2557 ducibus,
893 2507 945 2545 tan-

315 2559 320 2571 '
520 2578 595 2626 quam
603 2564 635 2612 ab
647 2579 676 2613 eo
684 2563 764 2612 missis
773 2564 804 2611 ad
813 2563 945 2611 vindictam

222 2675 338 2743 anatur
520 2627 822 2740 iiiiiifftmbi’iiidisi
832 2626 946 2739 iffi

168 2783 212 2832 ,ὃ
237 2781 322 2831 ΡΜ
347 2794 373 2830 11
406 2755 408 2760 ⁴
522 2756 578 2814 Dei,
602 2763 630 2804 ut
645 2707 831 2805 (benefacientes
859 2754 945 2821 obmu-

214 2820 220 2832 '
323 2819 329 2831 ’
377 2818 383 2831 ’
521 2827 613 2870 tescere
633 2819 728 2870 faciatis
753 2818 945 2883 imprudentium

119 2883 324 2943 HARISSIMI,
336 2884 438 2933 obsecro
446 2898 491 2933 vos
520 2884 650 2933 hominum
671 2884 849 2947 ignorantiam:
876 2883 947 2946 quasi

152 2958 272 3013 tauquam
289 2948 396 2997 advenas
407 2955 432 2997 et
447 2963 490 3012 pe·
522 2948 600 3007 liberi,
623 2955 648 2997 et
669 2948 719 2997 non
742 2948 811 3013 quasi
834 2946 946 2996 velamen

14 3033 23 3055 r
66 3015 173 3078 regrinos
196 3012 318 3061 abstinere
339 3027 383 3061 vos
405 3027 421 3060 a
440 3027 491 3060 car·
520 3012 640 3061 habentes
667 3012 768 3061 malitiae
798 3011 944 3068 libertatem,

66 3079 161 3192 ωὶίδέιε
172 3076 308 3138 desideriis,
317 3091 373 3142 quae
384 3075 492 3125 militant
521 3077 565 3126 sed
587 3076 649 3125 sicut
671 3077 734 3126 servi
755 3076 811 3125 Dei.
854 3076 947 3126 Omnes

144 3154 161 3204 3
