2092 3450
286 477 502 554 damnante
529 477 773 556 infirmarum.

80 669 212 729 Quoniam
231 685 317 717 omnes
334 669 451 718 mortales
468 670 553 718 multis
570 670 658 718 subitis
675 669 798 732 periculis,
819 671 923 730 morbis,
944 680 969 721 et

112 733 299 782 infirmitatibus
312 743 368 782 suut
378 736 488 794 obnoxii,
501 745 525 783 et
535 751 632 797 semper
641 736 762 783 incertum
772 736 807 783 eis
817 744 854 783 est
865 738 968 799 quando

113 815 142 845 ex
155 799 202 846 hac
221 801 273 847 vita
290 801 338 848 sint
356 801 494 859 decessuri;
515 801 572 848 ideo
590 808 616 848 ut
633 815 731 862 semper
748 801 780 847 ad
798 811 907 849 mortem
919 804 969 850 sint

112 865 199 926 parati,
213 866 411 928 quandocunque
420 867 476 913 Deo
486 866 662 928 Omnipotenti
672 866 792 927 placuerit
801 882 843 913 eos
851 882 967 926 avocare,

113 930 191 976 l'aroc
196 930 221 976 hi
232 931 336 978 subinde
346 930 399 991 (sed
410 931 547 993 prasertim
557 939 669 993 ternpore
678 931 754 992 pestis
764 931 803 978 vel
813 931 877 978 alius
887 933 969 979 morbi

113 995 261 1056 contagiosi)
281 996 410 1043 hortentur
427 996 592 1057 parochianos
610 1011 667 1042 suos
685 1003 710 1042 ut
730 996 833 1043 Sacram
846 997 968 1045 Commu·

112 1059 215 1108 irionem
236 1061 353 1122 Corporis
375 1071 399 1108 et
418 1061 551 1122 Sanguinis
569 1061 662 1108 Christi
683 1059 820 1108 Salvatoris
840 1063 920 1109 nostri
943 1064 968 1110 in

114 1125 228 1172 Ecclesia
240 1126 339 1188 publice
348 1123 545 1173 administratam
555 1141 621 1187 saepe
632 1125 784 1188 percipiant;
802 1133 935 1188 quatenus,
948 1129 968 1175 si

112 1190 198 1251 aliqua
205 1191 286 1237 subito
295 1191 408 1240 inciderit
417 1192 535 1249 visitatio,
545 1192 666 1237 minorem
675 1190 849 1237 sollicitudinis
857 1191 968 1240 habeant

113 1270 214 1302 causam
235 1256 277 1317 qui
297 1272 327 1303 eo
349 1265 455 1304 careant.
505 1257 533 1304 Si
550 1264 634 1303 tamen
653 1255 763 1302 infirmus
782 1256 805 1302 in
826 1257 967 1304 Ecclesiam

113 1320 198 1367 venire
216 1329 330 1382 nequeat,
350 1323 393 1368 sed
412 1322 622 1369 Cornmunionem
640 1320 666 1366 in
683 1320 759 1367 domo
777 1336 821 1367 sua
839 1323 968 1384 percipere

114 1385 213 1446 cupint3
230 1394 329 1447 oportet
341 1402 399 1434 eum
411 1387 437 1433 id
450 1386 563 1433 Parocho
575 1385 722 1447 tempestive
735 1385 852 1443 indicare,
868 1402 967 1434 necnon

114 1449 253 1511 siguificare
265 1459 324 1512 quot
338 1467 393 1498 cum
407 1452 461 1513 ipso
473 1452 521 1499 sint
534 1450 739 1498 communicaturi
749 1450 809 1510 (tres
822 1459 914 1510 autem,
927 1452 968 1500 vel

114 1515 164 1561 duo
174 1515 206 1561 ad
215 1515 354 1574 minimum,
367 1533 466 1564 necesse
478 1524 513 1564 est
523 1516 624 1574 adsint).
663 1515 695 1561 Et
705 1515 761 1561 loco
771 1517 929 1564 convenienti
941 1519 966 1564 in

114 1580 190 1626 domo
200 1579 291 1627 infirmi
299 1589 445 1643 praeparato,
457 1597 513 1629 eum
521 1581 636 1627 omnibns
645 1580 788 1626 necessariis
796 1579 830 1627 ita
838 1582 967 1644 dispositis

47 1644 50 1656 '
115 1654 141 1691 ut
160 1655 298 1692 reverenter
315 1647 454 1694 ministrare
472 1647 557 1707 possit,
574 1644 699 1693 Parochus
712 1645 745 1690 ibi
766 1646 869 1692 Sacram
888 1648 965 1693 Com·

115 1710 259 1757 munionem
270 1711 376 1758 celebret
386 1731 391 1769 ;
403 1713 523 1774 incipiens
533 1712 564 1758 ab
573 1711 701 1767 Oratione,
714 1709 837 1771 Epistola,
849 1720 872 1758 ct
882 1713 965 1759 Evan-

115 1775 189 1836 gelio,
205 1776 244 1822 hic
256 1777 422 1839 sequentibus.

245 1891 348 1946 thratia.
688 1880 814 1947 antiteta.

154 1987 365 2037 MNIPOTENS
383 1987 508 2051 sempiter·
672 1991 739 2040 Heb.
755 1991 796 2041 xii.
811 2001 834 2055 5.

161 2067 192 2100 ne
200 2052 276 2111 Deus,
284 2052 508 2100 Conditorhurnani
541 2079 648 2254 FILI
660 2081 702 2138 mi,
717 2081 768 2128 noli
783 2082 909 2144 negligere
919 2082 967 2130 dis·

551 2223 565 2254 a

83 2116 186 2189 generis,
209 2116 252 2178 qui
273 2131 335 2179 qUOS
354 2117 436 2180 diligis
457 2132 508 2190 5³⁵·
630 2144 746 2208 ciplinam
762 2145 873 2205 Domini,
888 2162 968 2210 neque

84 2191 153 2242 ngas,
166 2189 190 2228 et
201 2180 310 2243 flagellas
322 2196 420 2229 omnem
431 2181 509 2229 fihum
566 2205 649 2270 tigeris
667 2209 728 2257 dum
747 2209 779 2256 ab
798 2225 829 2258 eo
848 2212 964 2273 argueris.

84 2259 158 2306 quem
174 2245 279 2318 feeil'ssl
298 2245 423 2304 Miserefe’
442 2261 508 2309 (μεθ’
542 2272 622 2333 Quem
642 2273 708 2320 euim
729 2273 810 2336 diligit
833 2274 965 2335 Dominus,

84 2323 174 2368 sumus,
188 2309 264 2384 hujus¹
276 2309 361 2384 {ambli
377 2310 420 2370 tuh
434 2325 508 2384 ‘luem
540 2337 659 2399 castigat:
682 2337 790 2400 flagellat
812 2348 895 2386 autem
915 2355 967 2388 om·

84 2388 158 2420 manu
180 2380 223 2421 tua
241 2380 361 2432 vrsrtasn3
383 2383 407 2422 et
428 2375 508 2422 tribue
540 2416 598 2448 nem
609 2401 687 2449 filium
697 2396 771 2466 quem
782 2403 876 2467 recipit,

83 2446 111 2485 ut
126 2437 293 2485 infirmitatem
304 2453 373 2485 suam
387 2438 509 2501 patienter

84 2502 146 2549 susci
165 2502 206 2561 iat,
221 2509 245 2549 et
279 2501 429 2550 ristinamco
459 2503 508 2551 oris
778 2533 783 2544 ι

83 2518 221 2625 sanititem,
246 2517 278 2613 si)
288 2566 324 2614 sic
342 2566 414 2614 suerit
430 2518 507 2630 iilaci-
661 2532 836 2599 mmmm·

84 2640 136 2676 tum
158 2638 215 2678 ante
237 2637 269 2690 te,
294 2630 414 2694 recipiat;
436 2638 461 2679 et
480 2639 507 2679 ut
671 2609 775 2672 ΜΗ·
789 2623 827 2670 ²4

83 2694 166 2742 anima
184 2694 236 2758 ejus
255 2695 458 2758 quandocumque
475 2696 507 2743 de
602 2698 689 2757 MEN,
712 2715 783 2747 amen
805 2700 861 2749 dico
884 2701 963 2758 vobis,

84 2773 187 2822 corpore
215 2760 363 2822 migraverit,
388 2760 433 2808 tibi
455 2776 506 2807 ma·
634 2764 692 2825 quia
705 2765 747 2826 qui
763 2765 865 2812 verbum
881 2780 966 2812 meum

83 2823 143 2871 culis
163 2830 235 2871 exuta
253 2832 418 2887 praesentetur.
460 2825 507 2873 Per
539 2825 651 2884 audit,'et
663 2827 739 2875 credit
751 2831 773 2875 ei
782 2829 824 2891 qui
836 2829 902 2876 rnisit
913 2845 962 2886 me,

81 2886 167 2947 Jesum
207 2888 332 2936 Christum
370 2889 506 2938 Dominum
539 2889 711 2950 habetnvitam
737 2899 862 2951 aeternam,
887 2900 911 2940 et
938 2896 965 2941 in

82 2960 199 3000 nostrum.
230 2955 318 3000 Amen,
536 2952 656 3016 judicium
668 2970 717 3002 non
729 2957 804 3016 veuit,
819 2957 862 3005 sed
878 2958 965 3006 transit

538 3033 554 3065 a
565 3027 643 3066 morte
654 3018 679 3066 in
691 3020 773 3069 vitam.

144 3090 192 3130 200
