2040 3458
357 178 392 236 liu
408 177 458 235 Pia
474 179 648 246 lfimtaroatra'
738 192 748 233 .·

89 341 151 391 bant
163 347 249 390 autem
268 354 361 400 omnes,
375 346 400 388 et
415 338 489 388 mira·
521 337 612 398 ea,ille
623 343 660 387 est
670 338 714 402 qui
724 337 806 402 diligit
816 353 863 387 me
896 338 947 400 Qui

108 413 157 465 tur,
180 405 309 454 dicentes:
325 405 417 453 Nonne
432 418 490 452 ecce
521 410 604 452 autem
623 403 704 466 diligit
726 418 774 461 me,
798 402 915 465 diligetur
931 418 947 450 a

60 485 145 519 ornnes
156 469 199 518 isti
210 469 255 533 qui
265 468 405 532 loquuntur,
421 467 489 517 Gali·
521 468 595 517 Patre
621 483 696 516 meo:
723 473 747 514 et
770 482 816 528 ego
844 467 947 529 diligam

59 534 191 584 laeisuntt
207 540 233 582 et
243 531 371 597 quomodo
384 548 430 582 nos
447 547 490 580 au·
521 546 585 590 eum,
613 539 638 580 et
660 530 823 579 manifestabo
846 531 869 579 ei
896 547 946 578 me·

60 597 168 648 divimus
190 595 358 661 unusquisque
379 596 490 660 linguam
520 595 608 707 ipsum.
654 596 722 644 Dicit
741 595 764 644 ei
784 594 870 658 Judas,
895 610 947 643 non

59 669 180 720 nostram,
203 660 231 709 in
250 676 300 725 qua
316 660 368 709 nati
387 661 491 709 sumus?
520 660 562 708 ile
582 660 730 708 Iscariotes:
748 660 864 719 Domine,
886 659 947 723 quid

61 725 155 786 Parthi,
170 732 195 774 et
213 724 291 783 Medi,
311 731 336 774 et
352 724 487 783 AElamitae,
519 724 611 773 factum
623 730 660 772 est
675 723 734 787 quia
750 723 947 772 manifestaturus

60 797 84 840 et
110 789 259 839 uihabitant
270 789 487 853 Mesopotamiam,
520 788 629 837 esnobis
640 788 753 851 teipsum,
768 794 792 836 et
809 803 860 836 non
875 803 946 835 mun·

57 806 182 918 Judaeam,
192 861 216 902 et
224 852 416 917 Cappadociam,
425 853 490 902 Pon·
520 853 572 901 do?
604 852 743 916 Respondit
753 852 831 915 Jesus,
847 859 871 901 et
884 852 947 901 dixit

59 928 121 978 tum,
145 925 171 967 et
188 918 283 977 Asiam,
304 916 446 980 Phrygiam,
466 923 491 965 et
521 916 560 965 ei:
578 915 801 980 Siquisdiligitme‚
808 931 947 965 sermonem

60 982 244 1047 Pamphyliam,
281 981 426 1046 AEgyptum,
466 987 490 1029 et
519 995 602 1028 meum
614 980 728 1039 servabit,
748 986 772 1028 et
790 981 863 1029 Pater
878 995 947 1029 meus

59 1054 143 1110 partes
166 1046 261 1109 Libyae,
285 1061 341 1108 quae
363 1051 401 1094 est
426 1044 491 1094 circa
520 1044 607 1108 diliget
618 1061 682 1103 eum,
702 1051 726 1092 et
743 1044 775 1093 ad
792 1059 848 1092 eum
864 1045 946 1092 venie-

61 1110 184 1174 Cyrenen,
210 1117 235 1159 et
252 1109 353 1159 advenae
372 1109 487 1169 Romani,
520 1124 583 1168 mus,
598 1114 623 1157 et
636 1108 791 1156 mansionem
808 1109 873 1171 apud
890 1124 947 1157 eum

58 1174 141 1238 Judaei
174 1188 281 1239 quoque,
312 1180 336 1222 et
363 1173 488 1238 proselyti,
520 1172 656 1222 faciemus:
672 1173 715 1237 qui
731 1188 782 1221 non
799 1173 880 1235 diligit
896 1188 943 1230 me,

61 1239 157 1299 Cretes,
177 1245 202 1287 et
218 1239 332 1287 Arabes:
352 1238 491 1286 audivimus
520 1252 644 1285 sermones
652 1252 720 1285 meos
728 1252 779 1284 non
790 1244 876 1285 servat.
914 1237 947 1284 Et

60 1319 103 1352 eos
124 1302 255 1378 loquentes
282 1301 373 1351 nostris
399 1301 491 1365 linguis
521 1316 659 1349 sermonem
675 1316 749 1365 quem
767 1301 876 1361 audistis,
896 1316 948 1348 non

61 1367 189 1431 magnalia
205 1367 261 1416 Dei.
521 1373 557 1413 est
573 1381 659 1413 meus:
683 1364 726 1413 sed
743 1365 803 1427 ejuS,
823 1366 864 1428 qui
881 1366 947 1413 misit

521 1430 670 1504 meratus.
707 1429 772 1478 Haec
785 1429 881 1477 locutus
892 1444 947 1477 sum

182 1536 355 1605 ataricum·
521 1493 947 1621 {tttttttlttrttttaitt

160 1642 186 1693 δ’
199 1643 274 1707 lom
288 1642 337 1693 ω’
354 1651 390 1706 ιε’
522 1636 596 1735 ilrlebm
610 1621 835 1735 illdtedoddtddeblt
847 1622 947 1735 Idltliillte

60 1740 419 1866 DIXITJesusdiscipulis
426 1748 491 1798 suis:
521 1757 546 1799 et
558 1722 670 1813 sdggeret
680 1750 752 1799 vobis
770 1751 860 1809 omnia,
880 1721 946 1813 quaet

164 1813 193 1863 si
204 1813 305 1877 diligitis
315 1829 363 1872 me,
373 1814 492 1862 mandata
521 1830 626 1878 cumque
642 1814 726 1862 dixero
742 1814 820 1863 vobis.
857 1816 947 1863 Pacem

61 1893 118 1927 mea
139 1885 241 1927 servate.
278 1879 313 1926 Et
330 1893 377 1940 ego
396 1878 491 1941 rogabo
520 1878 632 1942 relinquo
640 1878 718 1937 vobis,
730 1893 817 1942 pacem
826 1895 906 1928 meam
914 1879 947 1927 do

62 1943 171 2002 Patrem,
197 1949 222 1990 et
239 1941 315 1990 alium
335 1942 490 1991 Paracletum
520 1943 610 1991 vobis:
630 1957 681 1991 non
699 1943 825 2006 quomodo
841 1944 947 1991 mundus

61 2006 132 2055 dabit
151 2005 230 2064 vobis,
244 2013 272 2054 ut
290 2012 389 2055 maneat
408 2006 491 2055 vobis·
520 2007 571 2066 dat,
586 2022 632 2070 ego
651 2007 685 2056 do
704 2007 781 2055 vobis.
818 2007 879 2055 Non
897 2015 947 2055 tur·

63 2086 120 2118 cum
130 2070 159 2119 in
175 2077 302 2130 aeternum,
318 2070 439 2134 Spiritum
449 2085 490 2119 ve·
520 2072 593 2120 betur
609 2086 652 2120 cor
667 2078 782 2130 vestrum,
802 2086 882 2135 neque
898 2072 947 2120 for-

62 2135 148 2195 ritatis,
166 2149 241 2209 quem
257 2135 363 2183 mundus
379 2150 430 2183 non
446 2149 491 2198 po·
520 2135 605 2185 midet,
641 2135 753 2184 Audistis
765 2135 823 2199 quia
834 2152 879 2199 ego
896 2135 948 2185 dixi

62 2206 109 2248 test
131 2213 251 2263 accipere,
276 2198 405 2263 quianon
422 2199 491 2247 videt
521 2199 608 2248 vobis:
625 2198 706 2258 Vado,
721 2206 746 2248 et
761 2199 835 2249 venio
850 2200 944 2248 advos.

62 2278 127 2323 eum,
141 2278 188 2312 nec
199 2262 332 2322 sciteum3
347 2278 392 2311 vos
408 2270 491 2311 autem
522 2263 550 2312 Si
576 2262 710 2326 diligeretis
736 2279 785 2323 me,
809 2265 947 2326 gauderetis

62 2327 215 2391 cognoscetis
227 2342 291 2386 eum,
303 2326 362 2401 quia
372 2327 439 2391 apud
446 2343 491 2376 vos
521 2327 613 2391 utique,
628 2328 686 2391 quia
702 2327 766 2376 vado
783 2328 815 2376 ad
831 2329 947 2377 Patrem:

62 2391 180 2451 manebit,
192 2392 330 2440 etinvobrs
342 2391 394 2441 erit.
430 2391 491 2440 Non
521 2392 580 2456 quia
596 2391 670 2440 Pater
682 2391 762 2455 major
776 2408 817 2441 me
834 2400 877 2442 est.
915 2393 948 2442 Et

62 2455 201 2521 relinquam
217 2470 262 2505 vos
282 2454 425 2518 orphanos:
450 2471 491 2504 ve·
521 2471 588 2505 nunc
598 2456 650 2504 dixi
661 2456 731 2504 vobis
757 2450 947 2520 riusqdamfiat:

62 2519 229 2568 niamadvos.
254 2519 487 2578 Adhucmodicum,
522 2520 720 2568 utcumsactum
736 2472 818 2580 litem,
833 2521 943 2570 credatis.

64 2584 206 2632 etmundus
222 2582 330 2646 mejam
346 2598 397 2632 non
413 2583 487 2632 videt.
521 2585 578 2648 Jam
599 2600 649 2633 non
666 2585 745 2632 multa
764 2585 851 2648 loquar
867 2586 947 2633 vobis-

63 2647 115 2697 Vos
137 2654 222 2696 autem
247 2648 336 2697 videtis
363 2663 411 2708 me,
432 2649 493 2712 quia
523 2665 586 2697 cum.
639 2648 715 2697 Venit
742 2652 808 2697 enim
835 2650 948 2712 princeps

64 2727 108 2776 ego
127 2712 195 2770 vivo,
216 2717 241 2760 et
258 2727 303 2760 vos
320 2711 414 2761 vivetis.
459 2712 490 2760 In
523 2712 610 2761 mundi
635 2712 716 2774 hujus,
741 2720 766 2761 et
787 2713 813 2760 in
836 2729 876 2760 me
897 2729 948 2761 non

63 2775 105 2825 illo
127 2777 169 2825 die
190 2792 236 2824 vos
258 2776 410 2839 cognoscetis
432 2776 491 2840 quia
522 2776 752 2840 habetquidquam.
789 2777 841 2826 Sed
852 2783 947 2840 utcog-

10 2886 12 2909 Ι
65 2855 109 2904 ego
119 2855 176 2889 sum
193 2840 220 2888 in
237 2839 310 2888 Patre
325 2855 390 2898 meo,
404 2845 428 2888 et
445 2855 490 2888 vos
521 2847 608 2889 noscat
642 2840 749 2888 mundus
781 2841 839 2904 quia
871 2841 949 2904 diligo

10 2914 12 2923 '
66 2904 156 2963 inme,
176 2911 201 2952 et
218 2920 265 2967 ego
282 2904 309 2952 in
324 2904 401 2953 vobis.
439 2904 490 2966 Qui
523 2905 628 2963 Patrem,
659 2911 683 2952 et
714 2905 776 2952 sicut
803 2904 948 2956 mandatum

65 2967 138 3017 habet
148 2968 268 3017 mandata
280 2983 344 3029 mea,
367 2975 392 3017 et
410 2975 490 3018 servat
522 2969 591 3018 dedit
602 2968 664 3017 mihi
675 2968 755 3030 Pater,
770 2967 805 3018 sic
815 2969 886 3019 facio.

125 3155 161 3221 89
