<?xml version="1.0" encoding="UTF-8"?>
<!DOCTYPE html PUBLIC "-//W3C//DTD XHTML 1.0 Transitional//EN"
    "http://www.w3.org/TR/xhtml1/DTD/xhtml1-transitional.dtd">
<html xmlns="http://www.w3.org/1999/xhtml" xml:lang="en" lang="en">
 <head>
  <title>
</title>
<meta http-equiv="Content-Type" content="text/html;charset=utf-8" />
  <meta name='ocr-system' content='tesseract 3.04.00' />
  <meta name='ocr-capabilities' content='ocr_page ocr_carea ocr_par ocr_line ocrx_word'/>
</head>
<body>
  <div class='ocr_page' id='page_1' title='image "./liberprecumpubl00briggoog_0024.png"; bbox 0 0 2092 3450; ppageno 0'>
   <div class='ocr_carea' id='block_1_1' title="bbox 441 126 575 192">
    <p class='ocr_par' dir='ltr' id='par_1_1' title="bbox 441 126 575 192">
     <span class='ocr_line' id='line_1_1' title="bbox 441 126 575 192; baseline 0.007 -9"><span class='ocrx_word' id='word_1_1' title='bbox 441 126 575 192; x_wconf 64' lang='lat' dir='ltr'>litatattu.</span> 
     </span>
    </p>
   </div>
   <div class='ocr_carea' id='block_1_2' title="bbox 55 268 959 637">
    <p class='ocr_par' dir='ltr' id='par_1_2' title="bbox 55 268 959 637">
     <span class='ocr_line' id='line_1_2' title="bbox 78 268 957 333; baseline 0.002 -17"><span class='ocrx_word' id='word_1_2' title='bbox 78 274 166 331; x_wconf 84' lang='lat' dir='ltr'>crepet,</span> <span class='ocrx_word' id='word_1_3' title='bbox 181 274 222 330; x_wconf 76' lang='lat' dir='ltr'>ita</span> <span class='ocrx_word' id='word_1_4' title='bbox 238 284 359 316; x_wconf 90' lang='lat' dir='ltr'>summam</span> <span class='ocrx_word' id='word_1_5' title='bbox 376 269 410 317; x_wconf 91' lang='lat' dir='ltr'>rei</span> <span class='ocrx_word' id='word_1_6' title='bbox 426 271 486 318; x_wconf 77' lang='lat' dir='ltr'>satIs</span> <span class='ocrx_word' id='word_1_7' title='bbox 502 269 534 317; x_wconf 93' lang='lat' dir='ltr'>sit</span> <span class='ocrx_word' id='word_1_8' title='bbox 550 284 679 333; x_wconf 86' lang='lat' dir='ltr'><strong>exponere.</strong></span> <span class='ocrx_word' id='word_1_9' title='bbox 722 268 889 317; x_wconf 82' lang='lat' dir='ltr'>Mutationum</span> <span class='ocrx_word' id='word_1_10' title='bbox 905 285 957 318; x_wconf 85' lang='lat' dir='ltr'>ma·</span> 
     </span>
     <span class='ocr_line' id='line_1_3' title="bbox 77 332 958 398; baseline 0.002 -18"><span class='ocrx_word' id='word_1_11' title='bbox 77 332 153 396; x_wconf 84' lang='lat' dir='ltr'>jurem</span> <span class='ocrx_word' id='word_1_12' title='bbox 178 339 275 395; x_wconf 87' lang='lat' dir='ltr'>partem</span> <span class='ocrx_word' id='word_1_13' title='bbox 297 333 448 391; x_wconf 85' lang='lat' dir='ltr'>admisimus,</span> <span class='ocrx_word' id='word_1_14' title='bbox 473 332 513 382; x_wconf 89' lang='lat' dir='ltr'>vel</span> <span class='ocrx_word' id='word_1_15' title='bbox 535 334 624 398; x_wconf 91' lang='lat' dir='ltr'>primo,</span> <span class='ocrx_word' id='word_1_16' title='bbox 644 334 675 381; x_wconf 89' lang='lat' dir='ltr'>ad</span> <span class='ocrx_word' id='word_1_17' title='bbox 693 349 735 382; x_wconf 89' lang='lat' dir='ltr'>eos</span> <span class='ocrx_word' id='word_1_18' title='bbox 777 333 802 381; x_wconf 91' lang='lat' dir='ltr'>ui</span> <span class='ocrx_word' id='word_1_19' title='bbox 818 333 844 381; x_wconf 94' lang='lat' dir='ltr'>in</span> <span class='ocrx_word' id='word_1_20' title='bbox 869 333 958 382; x_wconf 88' lang='lat' dir='ltr'>Officio</span> 
     </span>
     <span class='ocr_line' id='line_1_4' title="bbox 55 349 958 461; baseline 0.002 -17"><span class='ocrx_word' id='word_1_21' title='bbox 55 397 170 444; x_wconf 82' lang='lat' dir='ltr'>¹Divino</span> <span class='ocrx_word' id='word_1_22' title='bbox 198 396 291 459; x_wconf 89' lang='lat' dir='ltr'>aliquid</span> <span class='ocrx_word' id='word_1_23' title='bbox 316 398 451 445; x_wconf 88' lang='lat' dir='ltr'>exsecuturi</span> <span class='ocrx_word' id='word_1_24' title='bbox 478 399 527 445; x_wconf 90' lang='lat' dir='ltr'>sint</span> <span class='ocrx_word' id='word_1_25' title='bbox 553 397 642 446; x_wconf 92' lang='lat' dir='ltr'>melius</span> <span class='ocrx_word' id='word_1_26' title='bbox 666 349 817 460; x_wconf 56' lang='lat' dir='ltr'>dirigendum</span> <span class='ocrx_word' id='word_1_27' title='bbox 842 399 909 461; x_wconf 91' lang='lat' dir='ltr'>quod</span> <span class='ocrx_word' id='word_1_28' title='bbox 932 398 958 446; x_wconf 94' lang='lat' dir='ltr'>in</span> 
     </span>
     <span class='ocr_line' id='line_1_5' title="bbox 80 460 959 524; baseline 0.002 -16"><span class='ocrx_word' id='word_1_29' title='bbox 80 460 193 509; x_wconf 90' lang='lat' dir='ltr'>Rubricis</span> <span class='ocrx_word' id='word_1_30' title='bbox 210 460 354 524; x_wconf 88' lang='lat' dir='ltr'>plerumque</span> <span class='ocrx_word' id='word_1_31' title='bbox 365 461 392 509; x_wconf 84' lang='lat' dir='ltr'>fit</span> <span class='ocrx_word' id='word_1_32' title='bbox 404 468 429 509; x_wconf 92' lang='lat' dir='ltr'>et</span> <span class='ocrx_word' id='word_1_33' title='bbox 445 462 471 508; x_wconf 94' lang='lat' dir='ltr'>in</span> <span class='ocrx_word' id='word_1_34' title='bbox 488 462 662 510; x_wconf 83' lang='lat' dir='ltr'>Kalendariis:</span> <span class='ocrx_word' id='word_1_35' title='bbox 679 462 719 510; x_wconf 92' lang='lat' dir='ltr'>vel</span> <span class='ocrx_word' id='word_1_36' title='bbox 735 462 851 519; x_wconf 90' lang='lat' dir='ltr'>secundo,</span> <span class='ocrx_word' id='word_1_37' title='bbox 865 468 892 509; x_wconf 92' lang='lat' dir='ltr'>ut</span> <span class='ocrx_word' id='word_1_38' title='bbox 903 462 959 510; x_wconf 88' lang='lat' dir='ltr'>aliis</span> 
     </span>
     <span class='ocr_line' id='line_1_6' title="bbox 78 525 959 637; baseline 0.002 -65"><span class='ocrx_word' id='word_1_39' title='bbox 78 539 123 637; x_wconf 78' lang='lat' dir='ltr'>pro</span> <span class='ocrx_word' id='word_1_40' title='bbox 133 525 235 573; x_wconf 90' lang='lat' dir='ltr'>vocibus</span> <span class='ocrx_word' id='word_1_41' title='bbox 246 526 285 573; x_wconf 93' lang='lat' dir='ltr'>vel</span> <span class='ocrx_word' id='word_1_42' title='bbox 297 526 461 573; x_wconf 89' lang='lat' dir='ltr'>locutionibus</span> <span class='ocrx_word' id='word_1_43' title='bbox 472 527 616 590; x_wconf 84' lang='lat' dir='ltr'>antiquioris</span> <span class='ocrx_word' id='word_1_44' title='bbox 630 542 688 574; x_wconf 93' lang='lat' dir='ltr'>usus</span> <span class='ocrx_word' id='word_1_45' title='bbox 699 533 873 590; x_wconf 85' lang='lat' dir='ltr'>reponerentur</span> <span class='ocrx_word' id='word_1_46' title='bbox 883 526 959 574; x_wconf 90' lang='lat' dir='ltr'>verba</span> 
     </span>
    </p>
   </div>
   <div class='ocr_carea' id='block_1_3' title="bbox 34 589 959 2511">
    <p class='ocr_par' dir='ltr' id='par_1_3' title="bbox 79 589 959 1166">
     <span class='ocr_line' id='line_1_7' title="bbox 96 589 957 654; baseline -0.001 -16"><span class='ocrx_word' id='word_1_47' title='bbox 96 589 203 638; x_wconf 85' lang='lat' dir='ltr'>odiernae</span> <span class='ocrx_word' id='word_1_48' title='bbox 212 589 314 637; x_wconf 92' lang='lat' dir='ltr'>dictioni</span> <span class='ocrx_word' id='word_1_49' title='bbox 326 591 448 654; x_wconf 90' lang='lat' dir='ltr'>propiora,</span> <span class='ocrx_word' id='word_1_50' title='bbox 463 590 518 639; x_wconf 87' lang='lat' dir='ltr'>aliae</span> <span class='ocrx_word' id='word_1_51' title='bbox 529 607 595 648; x_wconf 88' lang='lat' dir='ltr'>vero,</span> <span class='ocrx_word' id='word_1_52' title='bbox 609 606 664 653; x_wconf 85' lang='lat' dir='ltr'>quae</span> <span class='ocrx_word' id='word_1_53' title='bbox 675 598 717 638; x_wconf 91' lang='lat' dir='ltr'>aut</span> <span class='ocrx_word' id='word_1_54' title='bbox 728 599 828 654; x_wconf 91' lang='lat' dir='ltr'>propter</span> <span class='ocrx_word' id='word_1_55' title='bbox 839 589 957 652; x_wconf 87' lang='lat' dir='ltr'>ambigui·</span> 
     </span>
     <span class='ocr_line' id='line_1_8' title="bbox 79 654 958 718; baseline 0.001 -17"><span class='ocrx_word' id='word_1_56' title='bbox 79 660 153 702; x_wconf 87' lang='lat' dir='ltr'>tatem</span> <span class='ocrx_word' id='word_1_57' title='bbox 170 661 213 702; x_wconf 89' lang='lat' dir='ltr'>aut</span> <span class='ocrx_word' id='word_1_58' title='bbox 229 654 300 702; x_wconf 89' lang='lat' dir='ltr'>aliter</span> <span class='ocrx_word' id='word_1_59' title='bbox 315 670 391 717; x_wconf 88' lang='lat' dir='ltr'>prave</span> <span class='ocrx_word' id='word_1_60' title='bbox 407 655 510 717; x_wconf 83' lang='lat' dir='ltr'>intelligi</span> <span class='ocrx_word' id='word_1_61' title='bbox 526 662 634 718; x_wconf 81' lang='lat' dir='ltr'>possent,</span> <span class='ocrx_word' id='word_1_62' title='bbox 654 654 743 702; x_wconf 88' lang='lat' dir='ltr'>clarius</span> <span class='ocrx_word' id='word_1_63' title='bbox 763 654 958 717; x_wconf 81' lang='lat' dir='ltr'>explicarentur:</span> 
     </span>
     <span class='ocr_line' id='line_1_9' title="bbox 79 717 957 782; baseline -0.002 -16"><span class='ocrx_word' id='word_1_64' title='bbox 79 717 116 766; x_wconf 88' lang='lat' dir='ltr'>vel</span> <span class='ocrx_word' id='word_1_65' title='bbox 134 719 214 775; x_wconf 89' lang='lat' dir='ltr'>tertio,</span> <span class='ocrx_word' id='word_1_66' title='bbox 234 728 260 766; x_wconf 92' lang='lat' dir='ltr'>ut</span> <span class='ocrx_word' id='word_1_67' title='bbox 278 718 359 767; x_wconf 83' lang='lat' dir='ltr'>Sacrae</span> <span class='ocrx_word' id='word_1_68' title='bbox 376 718 509 782; x_wconf 85' lang='lat' dir='ltr'>Scripturae</span> <span class='ocrx_word' id='word_1_69' title='bbox 527 719 656 767; x_wconf 88' lang='lat' dir='ltr'>Lectiones</span> <span class='ocrx_word' id='word_1_70' title='bbox 679 717 776 782; x_wconf 83' lang='lat' dir='ltr'>quaein</span> <span class='ocrx_word' id='word_1_71' title='bbox 794 718 905 780; x_wconf 87' lang='lat' dir='ltr'>Liturgia</span> <span class='ocrx_word' id='word_1_72' title='bbox 921 720 957 765; x_wconf 88' lang='lat' dir='ltr'>in-</span> 
     </span>
     <span class='ocr_line' id='line_1_10' title="bbox 79 781 954 846; baseline 0 -16"><span class='ocrx_word' id='word_1_73' title='bbox 79 789 190 830; x_wconf 84' lang='lat' dir='ltr'>seruntur</span> <span class='ocrx_word' id='word_1_74' title='bbox 205 783 335 845; x_wconf 83' lang='lat' dir='ltr'>perfectius</span> <span class='ocrx_word' id='word_1_75' title='bbox 347 783 511 843; x_wconf 85' lang='lat' dir='ltr'>redderentur,</span> <span class='ocrx_word' id='word_1_76' title='bbox 526 792 578 831; x_wconf 93' lang='lat' dir='ltr'>tum</span> <span class='ocrx_word' id='word_1_77' title='bbox 590 783 615 830; x_wconf 95' lang='lat' dir='ltr'>in</span> <span class='ocrx_word' id='word_1_78' title='bbox 627 782 745 846; x_wconf 89' lang='lat' dir='ltr'>Epistolis</span> <span class='ocrx_word' id='word_1_79' title='bbox 758 781 954 845; x_wconf 86' lang='lat' dir='ltr'>Evangeliisque,</span> 
     </span>
     <span class='ocr_line' id='line_1_11' title="bbox 79 845 958 911; baseline -0.002 -16"><span class='ocrx_word' id='word_1_80' title='bbox 79 853 131 895; x_wconf 89' lang='lat' dir='ltr'>tum</span> <span class='ocrx_word' id='word_1_81' title='bbox 153 847 180 894; x_wconf 89' lang='lat' dir='ltr'>in</span> <span class='ocrx_word' id='word_1_82' title='bbox 197 846 251 894; x_wconf 89' lang='lat' dir='ltr'>aliis</span> <span class='ocrx_word' id='word_1_83' title='bbox 267 846 369 894; x_wconf 86' lang='lat' dir='ltr'>diversis</span> <span class='ocrx_word' id='word_1_84' title='bbox 386 847 453 904; x_wconf 90' lang='lat' dir='ltr'>locis,</span> <span class='ocrx_word' id='word_1_85' title='bbox 473 863 528 910; x_wconf 77' lang='lat' dir='ltr'>quae</span> <span class='ocrx_word' id='word_1_86' title='bbox 545 848 648 911; x_wconf 94' lang='lat' dir='ltr'>posthac</span> <span class='ocrx_word' id='word_1_87' title='bbox 664 846 798 896; x_wconf 83' lang='lat' dir='ltr'>secundum</span> <span class='ocrx_word' id='word_1_88' title='bbox 821 845 958 894; x_wconf 88' lang='lat' dir='ltr'>versionem</span> 
     </span>
     <span class='ocr_line' id='line_1_12' title="bbox 79 910 959 974; baseline 0 -17"><span class='ocrx_word' id='word_1_89' title='bbox 79 910 190 974; x_wconf 87' lang='lat' dir='ltr'>proxime</span> <span class='ocrx_word' id='word_1_90' title='bbox 207 911 299 958; x_wconf 90' lang='lat' dir='ltr'>editam</span> <span class='ocrx_word' id='word_1_91' title='bbox 315 918 371 958; x_wconf 91' lang='lat' dir='ltr'>sunt</span> <span class='ocrx_word' id='word_1_92' title='bbox 387 912 505 974; x_wconf 77' lang='lat' dir='ltr'>legendae.</span> <span class='ocrx_word' id='word_1_93' title='bbox 553 911 718 959; x_wconf 88' lang='lat' dir='ltr'>Commodum</span> <span class='ocrx_word' id='word_1_94' title='bbox 735 911 809 958; x_wconf 90' lang='lat' dir='ltr'>etiam</span> <span class='ocrx_word' id='word_1_95' title='bbox 826 910 905 958; x_wconf 92' lang='lat' dir='ltr'>visum</span> <span class='ocrx_word' id='word_1_96' title='bbox 921 917 959 958; x_wconf 88' lang='lat' dir='ltr'>est</span> 
     </span>
     <span class='ocr_line' id='line_1_13' title="bbox 79 974 958 1038; baseline -0.001 -16"><span class='ocrx_word' id='word_1_97' title='bbox 79 974 202 1023; x_wconf 89' lang='lat' dir='ltr'>orationes</span> <span class='ocrx_word' id='word_1_98' title='bbox 213 975 331 1038; x_wconf 88' lang='lat' dir='ltr'>quasdam</span> <span class='ocrx_word' id='word_1_99' title='bbox 348 984 371 1023; x_wconf 95' lang='lat' dir='ltr'>et</span> <span class='ocrx_word' id='word_1_100' title='bbox 382 978 514 1037; x_wconf 82' lang='lat' dir='ltr'>gratiarum</span> <span class='ocrx_word' id='word_1_101' title='bbox 526 977 641 1033; x_wconf 84' lang='lat' dir='ltr'>actiones,</span> <span class='ocrx_word' id='word_1_102' title='bbox 655 974 756 1022; x_wconf 92' lang='lat' dir='ltr'>diversis</span> <span class='ocrx_word' id='word_1_103' title='bbox 772 974 845 1022; x_wconf 88' lang='lat' dir='ltr'>rebus</span> <span class='ocrx_word' id='word_1_104' title='bbox 856 981 880 1023; x_wconf 89' lang='lat' dir='ltr'>et</span> <span class='ocrx_word' id='word_1_105' title='bbox 897 981 958 1022; x_wconf 90' lang='lat' dir='ltr'>tem·</span> 
     </span>
     <span class='ocr_line' id='line_1_14' title="bbox 79 1038 959 1102; baseline -0.001 -16"><span class='ocrx_word' id='word_1_106' title='bbox 79 1039 179 1101; x_wconf 90' lang='lat' dir='ltr'>poribus</span> <span class='ocrx_word' id='word_1_107' title='bbox 191 1047 268 1102; x_wconf 84' lang='lat' dir='ltr'>aptas,</span> <span class='ocrx_word' id='word_1_108' title='bbox 283 1039 388 1102; x_wconf 91' lang='lat' dir='ltr'>propriis</span> <span class='ocrx_word' id='word_1_109' title='bbox 404 1042 429 1086; x_wconf 92' lang='lat' dir='ltr'>in</span> <span class='ocrx_word' id='word_1_110' title='bbox 446 1039 506 1087; x_wconf 93' lang='lat' dir='ltr'>locis</span> <span class='ocrx_word' id='word_1_111' title='bbox 517 1040 638 1098; x_wconf 89' lang='lat' dir='ltr'>inserere;</span> <span class='ocrx_word' id='word_1_112' title='bbox 654 1039 718 1086; x_wconf 94' lang='lat' dir='ltr'>inter</span> <span class='ocrx_word' id='word_1_113' title='bbox 733 1054 793 1101; x_wconf 89' lang='lat' dir='ltr'>quas</span> <span class='ocrx_word' id='word_1_114' title='bbox 805 1038 959 1086; x_wconf 88' lang='lat' dir='ltr'>invenientur</span> 
     </span>
     <span class='ocr_line' id='line_1_15' title="bbox 80 1101 955 1166; baseline -0.001 -16"><span class='ocrx_word' id='word_1_115' title='bbox 80 1101 211 1150; x_wconf 84' lang='lat' dir='ltr'>Orationes</span> <span class='ocrx_word' id='word_1_116' title='bbox 222 1103 393 1164; x_wconf 86' lang='lat' dir='ltr'>navigantibus</span> <span class='ocrx_word' id='word_1_117' title='bbox 404 1104 517 1166; x_wconf 88' lang='lat' dir='ltr'>propriae,</span> <span class='ocrx_word' id='word_1_118' title='bbox 532 1111 557 1151; x_wconf 94' lang='lat' dir='ltr'>et</span> <span class='ocrx_word' id='word_1_119' title='bbox 574 1104 643 1151; x_wconf 93' lang='lat' dir='ltr'>Ordo</span> <span class='ocrx_word' id='word_1_120' title='bbox 660 1103 780 1166; x_wconf 90' lang='lat' dir='ltr'>Baptismi</span> <span class='ocrx_word' id='word_1_121' title='bbox 797 1101 955 1161; x_wconf 90' lang='lat' dir='ltr'>Adultorum,</span> 
     </span>
    </p>

    <p class='ocr_par' dir='ltr' id='par_1_4' title="bbox 79 1165 959 1727">
     <span class='ocr_line' id='line_1_16' title="bbox 96 1165 959 1230; baseline 0 -17"><span class='ocrx_word' id='word_1_122' title='bbox 96 1166 128 1224; x_wconf 89' lang='lat' dir='ltr'>ui,</span> <span class='ocrx_word' id='word_1_123' title='bbox 139 1182 170 1214; x_wconf 92' lang='lat' dir='ltr'>eo</span> <span class='ocrx_word' id='word_1_124' title='bbox 182 1166 284 1214; x_wconf 88' lang='lat' dir='ltr'>forsitan</span> <span class='ocrx_word' id='word_1_125' title='bbox 295 1173 406 1229; x_wconf 88' lang='lat' dir='ltr'>tempore</span> <span class='ocrx_word' id='word_1_126' title='bbox 416 1183 466 1230; x_wconf 93' lang='lat' dir='ltr'>quo</span> <span class='ocrx_word' id='word_1_127' title='bbox 477 1168 544 1230; x_wconf 89' lang='lat' dir='ltr'>prior</span> <span class='ocrx_word' id='word_1_128' title='bbox 554 1167 704 1230; x_wconf 90' lang='lat' dir='ltr'>compositus</span> <span class='ocrx_word' id='word_1_129' title='bbox 713 1174 748 1214; x_wconf 92' lang='lat' dir='ltr'>est</span> <span class='ocrx_word' id='word_1_130' title='bbox 761 1166 836 1214; x_wconf 90' lang='lat' dir='ltr'>Liber</span> <span class='ocrx_word' id='word_1_131' title='bbox 846 1165 913 1213; x_wconf 92' lang='lat' dir='ltr'>haud</span> <span class='ocrx_word' id='word_1_132' title='bbox 924 1166 959 1214; x_wconf 87' lang='lat' dir='ltr'>ita</span> 
     </span>
     <span class='ocr_line' id='line_1_17' title="bbox 80 1181 959 1294; baseline 0.001 -18"><span class='ocrx_word' id='word_1_133' title='bbox 80 1181 261 1288; x_wconf 75' lang='lat' dir='ltr'>desiderandus,</span> <span class='ocrx_word' id='word_1_134' title='bbox 281 1239 403 1279; x_wconf 90' lang='lat' dir='ltr'>crescente</span> <span class='ocrx_word' id='word_1_135' title='bbox 426 1239 508 1279; x_wconf 93' lang='lat' dir='ltr'>tamen</span> <span class='ocrx_word' id='word_1_136' title='bbox 532 1231 751 1293; x_wconf 86' lang='lat' dir='ltr'>Anabaptistarum</span> <span class='ocrx_word' id='word_1_137' title='bbox 776 1237 843 1278; x_wconf 88' lang='lat' dir='ltr'>secta</span> <span class='ocrx_word' id='word_1_138' title='bbox 858 1236 959 1294; x_wconf 89' lang='lat' dir='ltr'>propter</span> 
     </span>
     <span class='ocr_line' id='line_1_18' title="bbox 80 1293 958 1358; baseline 0 -17"><span class='ocrx_word' id='word_1_139' title='bbox 80 1293 203 1342; x_wconf 89' lang='lat' dir='ltr'>licentiam</span> <span class='ocrx_word' id='word_1_140' title='bbox 228 1295 379 1357; x_wconf 91' lang='lat' dir='ltr'>temporibus</span> <span class='ocrx_word' id='word_1_141' title='bbox 403 1297 514 1358; x_wconf 85' lang='lat' dir='ltr'>proxime</span> <span class='ocrx_word' id='word_1_142' title='bbox 538 1295 738 1343; x_wconf 88' lang='lat' dir='ltr'>antecedentibus</span> <span class='ocrx_word' id='word_1_143' title='bbox 761 1294 827 1356; x_wconf 90' lang='lat' dir='ltr'>apud</span> <span class='ocrx_word' id='word_1_144' title='bbox 850 1310 896 1342; x_wconf 93' lang='lat' dir='ltr'>nos</span> <span class='ocrx_word' id='word_1_145' title='bbox 921 1294 958 1342; x_wconf 93' lang='lat' dir='ltr'>in·</span> 
     </span>
     <span class='ocr_line' id='line_1_19' title="bbox 80 1358 957 1420; baseline 0.001 -15"><span class='ocrx_word' id='word_1_146' title='bbox 80 1364 212 1420; x_wconf 80' lang='lat' dir='ltr'>gruentem,</span> <span class='ocrx_word' id='word_1_147' title='bbox 224 1358 277 1420; x_wconf 87' lang='lat' dir='ltr'>jam</span> <span class='ocrx_word' id='word_1_148' title='bbox 294 1359 392 1406; x_wconf 88' lang='lat' dir='ltr'>tandem</span> <span class='ocrx_word' id='word_1_149' title='bbox 404 1360 552 1407; x_wconf 84' lang='lat' dir='ltr'>necessarius</span> <span class='ocrx_word' id='word_1_150' title='bbox 568 1359 634 1406; x_wconf 91' lang='lat' dir='ltr'>visus</span> <span class='ocrx_word' id='word_1_151' title='bbox 650 1365 693 1416; x_wconf 87' lang='lat' dir='ltr'>est,</span> <span class='ocrx_word' id='word_1_152' title='bbox 708 1365 732 1406; x_wconf 93' lang='lat' dir='ltr'>et</span> <span class='ocrx_word' id='word_1_153' title='bbox 749 1358 780 1405; x_wconf 91' lang='lat' dir='ltr'>ad</span> <span class='ocrx_word' id='word_1_154' title='bbox 797 1358 957 1420; x_wconf 91' lang='lat' dir='ltr'>baptizandos</span> 
     </span>
     <span class='ocr_line' id='line_1_20' title="bbox 80 1422 957 1484; baseline 0 -15"><span class='ocrx_word' id='word_1_155' title='bbox 80 1422 206 1484; x_wconf 87' lang='lat' dir='ltr'>indigenas</span> <span class='ocrx_word' id='word_1_156' title='bbox 217 1422 243 1469; x_wconf 94' lang='lat' dir='ltr'>in</span> <span class='ocrx_word' id='word_1_157' title='bbox 256 1423 366 1470; x_wconf 93' lang='lat' dir='ltr'>Coloniis</span> <span class='ocrx_word' id='word_1_158' title='bbox 377 1424 473 1482; x_wconf 88' lang='lat' dir='ltr'>nostris,</span> <span class='ocrx_word' id='word_1_159' title='bbox 488 1431 512 1471; x_wconf 94' lang='lat' dir='ltr'>et</span> <span class='ocrx_word' id='word_1_160' title='bbox 523 1423 585 1471; x_wconf 89' lang='lat' dir='ltr'>alios</span> <span class='ocrx_word' id='word_1_161' title='bbox 596 1423 626 1470; x_wconf 92' lang='lat' dir='ltr'>ad</span> <span class='ocrx_word' id='word_1_162' title='bbox 645 1423 733 1470; x_wconf 83' lang='lat' dir='ltr'>Fidem</span> <span class='ocrx_word' id='word_1_163' title='bbox 744 1437 881 1480; x_wconf 89' lang='lat' dir='ltr'>conversos,</span> <span class='ocrx_word' id='word_1_164' title='bbox 896 1438 957 1470; x_wconf 91' lang='lat' dir='ltr'>sem·</span> 
     </span>
     <span class='ocr_line' id='line_1_21' title="bbox 80 1484 958 1550; baseline 0.002 -17"><span class='ocrx_word' id='word_1_165' title='bbox 80 1501 122 1550; x_wconf 88' lang='lat' dir='ltr'>per</span> <span class='ocrx_word' id='word_1_166' title='bbox 131 1487 186 1534; x_wconf 89' lang='lat' dir='ltr'>usui</span> <span class='ocrx_word' id='word_1_167' title='bbox 197 1487 248 1535; x_wconf 90' lang='lat' dir='ltr'>erit.</span> <span class='ocrx_word' id='word_1_168' title='bbox 286 1487 313 1536; x_wconf 88' lang='lat' dir='ltr'>Si</span> <span class='ocrx_word' id='word_1_169' title='bbox 325 1488 379 1550; x_wconf 91' lang='lat' dir='ltr'>quis</span> <span class='ocrx_word' id='word_1_170' title='bbox 391 1495 472 1536; x_wconf 88' lang='lat' dir='ltr'>autem</span> <span class='ocrx_word' id='word_1_171' title='bbox 484 1503 513 1536; x_wconf 85' lang='lat' dir='ltr'>ea</span> <span class='ocrx_word' id='word_1_172' title='bbox 523 1487 607 1535; x_wconf 89' lang='lat' dir='ltr'>onmia</span> <span class='ocrx_word' id='word_1_173' title='bbox 618 1501 673 1549; x_wconf 88' lang='lat' dir='ltr'>quae</span> <span class='ocrx_word' id='word_1_174' title='bbox 684 1486 709 1533; x_wconf 95' lang='lat' dir='ltr'>in</span> <span class='ocrx_word' id='word_1_175' title='bbox 721 1484 829 1549; x_wconf 87' lang='lat' dir='ltr'>qualibet</span> <span class='ocrx_word' id='word_1_176' title='bbox 841 1485 958 1548; x_wconf 85' lang='lat' dir='ltr'>Liturgiae</span> 
     </span>
     <span class='ocr_line' id='line_1_22' title="bbox 79 1549 958 1614; baseline -0.002 -16"><span class='ocrx_word' id='word_1_177' title='bbox 79 1559 147 1613; x_wconf 88' lang='lat' dir='ltr'>parte</span> <span class='ocrx_word' id='word_1_178' title='bbox 157 1558 251 1598; x_wconf 89' lang='lat' dir='ltr'>mutata</span> <span class='ocrx_word' id='word_1_179' title='bbox 262 1550 365 1611; x_wconf 78' lang='lat' dir='ltr'>fuerunt,</span> <span class='ocrx_word' id='word_1_180' title='bbox 377 1552 505 1614; x_wconf 84' lang='lat' dir='ltr'>perfectius</span> <span class='ocrx_word' id='word_1_181' title='bbox 517 1550 667 1599; x_wconf 86' lang='lat' dir='ltr'>enucleanda</span> <span class='ocrx_word' id='word_1_182' title='bbox 677 1551 766 1613; x_wconf 91' lang='lat' dir='ltr'>cupiet,</span> <span class='ocrx_word' id='word_1_183' title='bbox 778 1550 844 1597; x_wconf 92' lang='lat' dir='ltr'>hunc</span> <span class='ocrx_word' id='word_1_184' title='bbox 856 1549 958 1597; x_wconf 91' lang='lat' dir='ltr'>Librum</span> 
     </span>
     <span class='ocr_line' id='line_1_23' title="bbox 79 1614 958 1678; baseline -0.001 -16"><span class='ocrx_word' id='word_1_185' title='bbox 79 1629 133 1662; x_wconf 89' lang='lat' dir='ltr'>cum</span> <span class='ocrx_word' id='word_1_186' title='bbox 141 1616 222 1678; x_wconf 91' lang='lat' dir='ltr'>priore</span> <span class='ocrx_word' id='word_1_187' title='bbox 234 1623 345 1663; x_wconf 86' lang='lat' dir='ltr'>accurate</span> <span class='ocrx_word' id='word_1_188' title='bbox 356 1622 496 1678; x_wconf 90' lang='lat' dir='ltr'>componat,</span> <span class='ocrx_word' id='word_1_189' title='bbox 507 1616 574 1678; x_wconf 91' lang='lat' dir='ltr'>quod</span> <span class='ocrx_word' id='word_1_190' title='bbox 586 1615 606 1662; x_wconf 92' lang='lat' dir='ltr'>si</span> <span class='ocrx_word' id='word_1_191' title='bbox 617 1614 697 1673; x_wconf 87' lang='lat' dir='ltr'>faciat,</span> <span class='ocrx_word' id='word_1_192' title='bbox 709 1629 807 1662; x_wconf 91' lang='lat' dir='ltr'>causam</span> <span class='ocrx_word' id='word_1_193' title='bbox 816 1614 958 1662; x_wconf 86' lang='lat' dir='ltr'>mutationis</span> 
     </span>
     <span class='ocr_line' id='line_1_24' title="bbox 79 1679 626 1727; baseline 0.002 -1"><span class='ocrx_word' id='word_1_194' title='bbox 79 1693 133 1726; x_wconf 88' lang='lat' dir='ltr'>cum</span> <span class='ocrx_word' id='word_1_195' title='bbox 144 1679 216 1727; x_wconf 80' lang='lat' dir='ltr'>facile</span> <span class='ocrx_word' id='word_1_196' title='bbox 227 1679 405 1727; x_wconf 92' lang='lat' dir='ltr'>intellecturum</span> <span class='ocrx_word' id='word_1_197' title='bbox 417 1695 466 1726; x_wconf 90' lang='lat' dir='ltr'>non</span> <span class='ocrx_word' id='word_1_198' title='bbox 478 1679 626 1727; x_wconf 86' lang='lat' dir='ltr'>dubitamus.</span> 
     </span>
    </p>

    <p class='ocr_par' dir='ltr' id='par_1_5' title="bbox 34 1742 957 2511">
     <span class='ocr_line' id='line_1_25' title="bbox 110 1742 957 1806; baseline 0 -16"><span class='ocrx_word' id='word_1_199' title='bbox 110 1743 231 1806; x_wconf 86' lang='lat' dir='ltr'>Denique,</span> <span class='ocrx_word' id='word_1_200' title='bbox 246 1743 272 1790; x_wconf 95' lang='lat' dir='ltr'>in</span> <span class='ocrx_word' id='word_1_201' title='bbox 289 1744 335 1790; x_wconf 91' lang='lat' dir='ltr'>hac</span> <span class='ocrx_word' id='word_1_202' title='bbox 351 1744 493 1804; x_wconf 89' lang='lat' dir='ltr'>gravissima</span> <span class='ocrx_word' id='word_1_203' title='bbox 504 1759 530 1790; x_wconf 89' lang='lat' dir='ltr'>re</span> <span class='ocrx_word' id='word_1_204' title='bbox 546 1743 627 1790; x_wconf 88' lang='lat' dir='ltr'>officio</span> <span class='ocrx_word' id='word_1_205' title='bbox 638 1749 722 1790; x_wconf 89' lang='lat' dir='ltr'>nostro</span> <span class='ocrx_word' id='word_1_206' title='bbox 738 1750 766 1790; x_wconf 94' lang='lat' dir='ltr'>ut</span> <span class='ocrx_word' id='word_1_207' title='bbox 783 1742 808 1789; x_wconf 92' lang='lat' dir='ltr'>in</span> <span class='ocrx_word' id='word_1_208' title='bbox 824 1749 957 1805; x_wconf 91' lang='lat' dir='ltr'>conspectu</span> 
     </span>
     <span class='ocr_line' id='line_1_26' title="bbox 80 1805 956 1869; baseline -0.001 -15"><span class='ocrx_word' id='word_1_209' title='bbox 80 1805 127 1854; x_wconf 90' lang='lat' dir='ltr'>Dei</span> <span class='ocrx_word' id='word_1_210' title='bbox 142 1806 218 1869; x_wconf 80' lang='lat' dir='ltr'>fungi,</span> <span class='ocrx_word' id='word_1_211' title='bbox 233 1814 257 1854; x_wconf 90' lang='lat' dir='ltr'>et</span> <span class='ocrx_word' id='word_1_212' title='bbox 274 1807 365 1854; x_wconf 90' lang='lat' dir='ltr'>bonam</span> <span class='ocrx_word' id='word_1_213' title='bbox 382 1815 489 1854; x_wconf 89' lang='lat' dir='ltr'>nostram</span> <span class='ocrx_word' id='word_1_214' title='bbox 506 1807 580 1854; x_wconf 87' lang='lat' dir='ltr'>fidem</span> <span class='ocrx_word' id='word_1_215' title='bbox 597 1822 642 1869; x_wconf 91' lang='lat' dir='ltr'>pro</span> <span class='ocrx_word' id='word_1_216' title='bbox 659 1806 723 1854; x_wconf 91' lang='lat' dir='ltr'>virili</span> <span class='ocrx_word' id='word_1_217' title='bbox 739 1807 893 1854; x_wconf 90' lang='lat' dir='ltr'>conscientiis</span> <span class='ocrx_word' id='word_1_218' title='bbox 904 1821 956 1853; x_wconf 92' lang='lat' dir='ltr'>om-</span> 
     </span>
     <span class='ocr_line' id='line_1_27' title="bbox 34 1869 957 1934; baseline 0 -16"><span class='ocrx_word' id='word_1_219' title='bbox 34 1889 41 1926; x_wconf 84' lang='lat'>&#39;.</span> <span class='ocrx_word' id='word_1_220' title='bbox 79 1871 145 1919; x_wconf 91' lang='lat' dir='ltr'>nium</span> <span class='ocrx_word' id='word_1_221' title='bbox 153 1872 259 1934; x_wconf 89' lang='lat' dir='ltr'>probare</span> <span class='ocrx_word' id='word_1_222' title='bbox 270 1872 358 1928; x_wconf 91' lang='lat' dir='ltr'>conati,</span> <span class='ocrx_word' id='word_1_223' title='bbox 369 1871 435 1918; x_wconf 91' lang='lat' dir='ltr'>haud</span> <span class='ocrx_word' id='word_1_224' title='bbox 448 1879 529 1919; x_wconf 90' lang='lat' dir='ltr'>tamen</span> <span class='ocrx_word' id='word_1_225' title='bbox 539 1872 678 1933; x_wconf 87' lang='lat' dir='ltr'>ignoramus</span> <span class='ocrx_word' id='word_1_226' title='bbox 690 1870 764 1933; x_wconf 87' lang='lat' dir='ltr'>quod,</span> <span class='ocrx_word' id='word_1_227' title='bbox 774 1870 834 1917; x_wconf 91' lang='lat' dir='ltr'>dum</span> <span class='ocrx_word' id='word_1_228' title='bbox 844 1869 957 1918; x_wconf 77' lang='lat' dir='ltr'>homines</span> 
     </span>
     <span class='ocr_line' id='line_1_28' title="bbox 79 1933 953 1998; baseline -0.002 -16"><span class='ocrx_word' id='word_1_229' title='bbox 79 1950 129 1982; x_wconf 88' lang='lat' dir='ltr'>rem</span> <span class='ocrx_word' id='word_1_230' title='bbox 140 1935 253 1983; x_wconf 91' lang='lat' dir='ltr'>eamdem</span> <span class='ocrx_word' id='word_1_231' title='bbox 265 1943 316 1982; x_wconf 90' lang='lat' dir='ltr'>tam</span> <span class='ocrx_word' id='word_1_232' title='bbox 327 1935 421 1983; x_wconf 87' lang='lat' dir='ltr'>diverse</span> <span class='ocrx_word' id='word_1_233' title='bbox 432 1935 561 1998; x_wconf 84' lang='lat' dir='ltr'>accipiant,</span> <span class='ocrx_word' id='word_1_234' title='bbox 576 1935 653 1982; x_wconf 91' lang='lat' dir='ltr'>immo</span> <span class='ocrx_word' id='word_1_235' title='bbox 665 1941 714 1981; x_wconf 93' lang='lat' dir='ltr'>tam</span> <span class='ocrx_word' id='word_1_236' title='bbox 727 1933 823 1981; x_wconf 92' lang='lat' dir='ltr'>diversa</span> <span class='ocrx_word' id='word_1_237' title='bbox 833 1933 953 1992; x_wconf 88' lang='lat' dir='ltr'>studeant,</span> 
     </span>
     <span class='ocr_line' id='line_1_29' title="bbox 78 1997 956 2062; baseline -0.002 -16"><span class='ocrx_word' id='word_1_238' title='bbox 78 1999 145 2047; x_wconf 88' lang='lat' dir='ltr'>nullo</span> <span class='ocrx_word' id='word_1_239' title='bbox 160 1999 237 2047; x_wconf 88' lang='lat' dir='ltr'>modo</span> <span class='ocrx_word' id='word_1_240' title='bbox 253 1999 368 2046; x_wconf 91' lang='lat' dir='ltr'>omnibus</span> <span class='ocrx_word' id='word_1_241' title='bbox 388 1999 525 2047; x_wconf 80' lang='lat' dir='ltr'>satisfacere</span> <span class='ocrx_word' id='word_1_242' title='bbox 541 1999 680 2062; x_wconf 92' lang='lat' dir='ltr'>possimus:</span> <span class='ocrx_word' id='word_1_243' title='bbox 697 2013 743 2045; x_wconf 93' lang='lat' dir='ltr'>nec</span> <span class='ocrx_word' id='word_1_244' title='bbox 763 1997 903 2045; x_wconf 92' lang='lat' dir='ltr'>hominibus</span> <span class='ocrx_word' id='word_1_245' title='bbox 920 1998 956 2045; x_wconf 92' lang='lat' dir='ltr'>in-</span> 
     </span>
     <span class='ocr_line' id='line_1_30' title="bbox 77 2060 956 2136; baseline 0 -26"><span class='ocrx_word' id='word_1_246' title='bbox 77 2063 149 2125; x_wconf 79' lang='lat' dir='ltr'>genio</span> <span class='ocrx_word' id='word_1_247' title='bbox 166 2063 311 2122; x_wconf 85' lang='lat' dir='ltr'>ambitiosis,</span> <span class='ocrx_word' id='word_1_248' title='bbox 331 2065 440 2122; x_wconf 92' lang='lat' dir='ltr'>morosis,</span> <span class='ocrx_word' id='word_1_249' title='bbox 455 2070 479 2111; x_wconf 94' lang='lat' dir='ltr'>et</span> <span class='ocrx_word' id='word_1_250' title='bbox 497 2063 690 2120; x_wconf 89' lang='lat' dir='ltr'>contumacibus,</span> <span class='ocrx_word' id='word_1_251' title='bbox 704 2062 839 2136; x_wconf 85' lang='lat' dir='ltr'>quidquam</span> <span class='ocrx_word' id='word_1_252' title='bbox 855 2060 956 2124; x_wconf 87' lang='lat' dir='ltr'>hujusce</span> 
     </span>
     <span class='ocr_line' id='line_1_31' title="bbox 77 2125 952 2190; baseline -0.001 -15"><span class='ocrx_word' id='word_1_253' title='bbox 77 2127 172 2190; x_wconf 76' lang='lat' dir='ltr'>generis</span> <span class='ocrx_word' id='word_1_254' title='bbox 188 2128 318 2176; x_wconf 83' lang='lat' dir='ltr'>arrisumm</span> <span class='ocrx_word' id='word_1_255' title='bbox 336 2143 468 2190; x_wconf 86' lang='lat' dir='ltr'>speramus,</span> <span class='ocrx_word' id='word_1_256' title='bbox 488 2128 535 2175; x_wconf 93' lang='lat' dir='ltr'>nisi</span> <span class='ocrx_word' id='word_1_257' title='bbox 552 2127 619 2190; x_wconf 93' lang='lat' dir='ltr'>quod</span> <span class='ocrx_word' id='word_1_258' title='bbox 635 2127 666 2174; x_wconf 91' lang='lat' dir='ltr'>sit</span> <span class='ocrx_word' id='word_1_259' title='bbox 683 2126 715 2174; x_wconf 88' lang='lat' dir='ltr'>ab</span> <span class='ocrx_word' id='word_1_260' title='bbox 730 2126 790 2189; x_wconf 79' lang='lat' dir='ltr'>ipsis</span> <span class='ocrx_word' id='word_1_261' title='bbox 806 2125 952 2174; x_wconf 85' lang='lat' dir='ltr'>confectum.</span> 
     </span>
     <span class='ocr_line' id='line_1_32' title="bbox 77 2189 956 2254; baseline -0.001 -15"><span class='ocrx_word' id='word_1_262' title='bbox 77 2190 170 2239; x_wconf 83' lang='lat' dir='ltr'>Omnes</span> <span class='ocrx_word' id='word_1_263' title='bbox 181 2199 264 2239; x_wconf 91' lang='lat' dir='ltr'>tamen</span> <span class='ocrx_word' id='word_1_264' title='bbox 275 2207 345 2239; x_wconf 87' lang='lat' dir='ltr'>veros</span> <span class='ocrx_word' id='word_1_265' title='bbox 357 2192 474 2239; x_wconf 83' lang='lat' dir='ltr'>Ecclesiae</span> <span class='ocrx_word' id='word_1_266' title='bbox 485 2191 630 2253; x_wconf 78' lang='lat' dir='ltr'>Anglicanae</span> <span class='ocrx_word' id='word_1_267' title='bbox 642 2189 713 2248; x_wconf 83' lang='lat' dir='ltr'>filios,</span> <span class='ocrx_word' id='word_1_268' title='bbox 725 2205 828 2254; x_wconf 91' lang='lat' dir='ltr'>quorum</span> <span class='ocrx_word' id='word_1_269' title='bbox 839 2189 921 2238; x_wconf 90' lang='lat' dir='ltr'>sobria</span> <span class='ocrx_word' id='word_1_270' title='bbox 932 2197 956 2238; x_wconf 89' lang='lat' dir='ltr'>et</span> 
     </span>
     <span class='ocr_line' id='line_1_33' title="bbox 77 2254 955 2318; baseline -0.003 -14"><span class='ocrx_word' id='word_1_271' title='bbox 77 2255 179 2318; x_wconf 87' lang='lat' dir='ltr'>pacifica</span> <span class='ocrx_word' id='word_1_272' title='bbox 199 2271 269 2303; x_wconf 90' lang='lat' dir='ltr'>mens</span> <span class='ocrx_word' id='word_1_273' title='bbox 285 2264 329 2313; x_wconf 93' lang='lat' dir='ltr'>est,</span> <span class='ocrx_word' id='word_1_274' title='bbox 349 2262 373 2303; x_wconf 95' lang='lat' dir='ltr'>et</span> <span class='ocrx_word' id='word_1_275' title='bbox 390 2271 451 2318; x_wconf 90' lang='lat' dir='ltr'>pura</span> <span class='ocrx_word' id='word_1_276' title='bbox 474 2255 629 2312; x_wconf 85' lang='lat' dir='ltr'>conscientia,</span> <span class='ocrx_word' id='word_1_277' title='bbox 649 2254 674 2302; x_wconf 91' lang='lat' dir='ltr'>id</span> <span class='ocrx_word' id='word_1_278' title='bbox 691 2255 758 2317; x_wconf 93' lang='lat' dir='ltr'>quod</span> <span class='ocrx_word' id='word_1_279' title='bbox 775 2254 804 2303; x_wconf 93' lang='lat' dir='ltr'>iis</span> <span class='ocrx_word' id='word_1_280' title='bbox 827 2254 853 2301; x_wconf 94' lang='lat' dir='ltr'>in</span> <span class='ocrx_word' id='word_1_281' title='bbox 869 2269 955 2302; x_wconf 89' lang='lat' dir='ltr'>manus</span> 
     </span>
     <span class='ocr_line' id='line_1_34' title="bbox 77 2318 955 2382; baseline -0.001 -16"><span class='ocrx_word' id='word_1_282' title='bbox 77 2320 202 2379; x_wconf 91' lang='lat' dir='ltr'>tradimus,</span> <span class='ocrx_word' id='word_1_283' title='bbox 221 2335 237 2367; x_wconf 88' lang='lat' dir='ltr'>a</span> <span class='ocrx_word' id='word_1_284' title='bbox 253 2319 355 2381; x_wconf 88' lang='lat' dir='ltr'>Synodo</span> <span class='ocrx_word' id='word_1_285' title='bbox 371 2320 495 2382; x_wconf 88' lang='lat' dir='ltr'>utriusque</span> <span class='ocrx_word' id='word_1_286' title='bbox 512 2319 648 2367; x_wconf 85' lang='lat' dir='ltr'>Provinciae</span> <span class='ocrx_word' id='word_1_287' title='bbox 665 2333 761 2366; x_wconf 86' lang='lat' dir='ltr'>summa</span> <span class='ocrx_word' id='word_1_288' title='bbox 776 2318 904 2381; x_wconf 86' lang='lat' dir='ltr'>diligentia</span> <span class='ocrx_word' id='word_1_289' title='bbox 919 2319 955 2365; x_wconf 92' lang='lat' dir='ltr'>in·</span> 
     </span>
     <span class='ocr_line' id='line_1_35' title="bbox 77 2383 955 2447; baseline 0.001 -17"><span class='ocrx_word' id='word_1_290' title='bbox 77 2393 186 2446; x_wconf 86' lang='lat' dir='ltr'>spectum</span> <span class='ocrx_word' id='word_1_291' title='bbox 210 2390 234 2431; x_wconf 91' lang='lat' dir='ltr'>et</span> <span class='ocrx_word' id='word_1_292' title='bbox 258 2384 429 2446; x_wconf 85' lang='lat' dir='ltr'>approbatum,</span> <span class='ocrx_word' id='word_1_293' title='bbox 449 2394 473 2431; x_wconf 91' lang='lat' dir='ltr'>et</span> <span class='ocrx_word' id='word_1_294' title='bbox 493 2383 559 2447; x_wconf 91' lang='lat' dir='ltr'>ipsos</span> <span class='ocrx_word' id='word_1_295' title='bbox 575 2384 643 2432; x_wconf 93' lang='lat' dir='ltr'>bono</span> <span class='ocrx_word' id='word_1_296' title='bbox 665 2383 748 2430; x_wconf 90' lang='lat' dir='ltr'>animo</span> <span class='ocrx_word' id='word_1_297' title='bbox 764 2390 907 2446; x_wconf 86' lang='lat' dir='ltr'>accepturos</span> <span class='ocrx_word' id='word_1_298' title='bbox 931 2390 955 2431; x_wconf 86' lang='lat' dir='ltr'>et</span> 
     </span>
     <span class='ocr_line' id='line_1_36' title="bbox 77 2447 479 2511; baseline 0.005 -17"><span class='ocrx_word' id='word_1_299' title='bbox 77 2449 254 2511; x_wconf 87' lang='lat' dir='ltr'>approbaturos</span> <span class='ocrx_word' id='word_1_300' title='bbox 265 2464 317 2495; x_wconf 88' lang='lat' dir='ltr'>esse</span> <span class='ocrx_word' id='word_1_301' title='bbox 327 2447 479 2496; x_wconf 84' lang='lat' dir='ltr'>confidimus</span> 
     </span>
    </p>
   </div>
   <div class='ocr_carea' id='block_1_4' title="bbox 0 0 1050 3450">
    <p class='ocr_par' dir='ltr' id='par_1_6' title="bbox 0 0 1050 3450">
     <span class='ocr_line' id='line_1_37' title="bbox 0 0 1050 3450; baseline 0 0"><span class='ocrx_word' id='word_1_302' title='bbox 0 0 1050 3450; x_wconf 95' lang='lat' dir='ltr'> </span> 
     </span>
    </p>
   </div>
  </div>
 </body>
</html>
