2092 3450
114 171 174 215 llas
187 168 233 215 [ι’.
499 168 608 232 lisalmi.
865 176 912 222 Aa'
928 178 993 236 less.

140 323 226 372 Mittat
236 322 282 372 tibi
293 323 410 372 auxilium
421 323 453 371 de
464 338 533 372 sanc·
565 322 605 372 isti
621 322 644 372 ei
660 321 840 386 longitudinem
856 321 956 372 dierum
968 322 993 371 in

108 395 190 438 toret
200 388 232 437 de
244 387 306 438 Sion
316 394 412 436 tueatur
422 393 453 436 te.
564 388 688 447 saeculum,
713 394 739 436 et
759 386 787 434 in
808 386 929 435 saeculum
949 401 994 436 sae·

141 453 239 502 Memor
263 453 295 501 sit
319 452 399 500 omnis
420 450 533 500 sacrificii
564 452 620 501 culi

108 517 175 566 tui:
202 523 227 565 et
258 515 429 565 holocaustum
463 522 533 564 tuum
597 516 691 578 Magna
717 522 754 565 est
781 514 861 590 gloria
889 514 944 578 ejus
967 514 994 563 in

108 582 184 644 pingu
151 580 259 643 gu.etiat
564 580 664 629 salutari
681 588 744 628 tuo:
760 579 866 643 gloriam
884 587 910 628 et
926 594 994 643 mag·

140 645 245 693 Tn'buat
266 643 312 693 tibi
334 623 472 692 secundum
491 659 534 692 cor
564 660 624 693 num
646 645 790 693 decorem'
784 658 899 708 impones
921 659 995 708 super

108 717 195 757 tuum·
206 714 230 757 et
239 723 312 756 omne
323 708 452 757 consilium
463 715 533 757 tuum
565 725 628 758 eurn

108 772 243 822 confirmet.
598 772 723 835 Quomam
733 771 804 822 dabis
812 771 993 822 eummbene

141 836 316 885 Laetabimur
309 852 335 884 ιιι
354 837 454 884 salutari
474 843 532 885 tuo:
565 837 721 886 dictionem
714 853 740 885 ιιι
756 836 875 886 saeculum
892 836 993 887 saeculi:

108 902 169 949 etin
181 900 291 949 Nomine
306 901 355 950 Dei
372 901 449 949 nostri
465 917 532 964 mag·
564 901 700 951 laetificabis
716 916 772 950 eum
789 902 815 950 in
831 901 927 979 gaudio
938 915 993 950 cum

108 964 268 1014 nificabimur.
564 967 633 1014 vultu
645 972 695 1015 tuo.

141 1029 247 1093 Impleat
260 1029 382 1078 Dominus
394 1045 480 1078 omnes
491 1045 533 1093 pe·
592 1030 723 1106 Quoniam
739 1046 782 1078 rex
798 1029 906 1093 sperat
898 1045 926 1079 m
942 1029 993 1078 Do-

108 1094 206 1142 titiones
233 1100 315 1143 tuas:
335 1109 401 1143 nunc
428 1094 533 1157 cognovi
564 1095 651 1143 mino·
663 1094 906 1144 etinmisericordia
917 1094 993 1143 Altis·

108 1159 225 1222 quoniam
236 1158 331 1207 salvum
341 1157 399 1206 fecit
410 1158 534 1208 Dominus
564 1159 620 1208 simi
631 1174 682 1207 non
690 1158 893 1208 commovebitur.

109 1223 234 1272 Christum
245 1238 323 1271 suum
598 1223 740 1272 Inveniatur
755 1237 843 1270 manus
859 1228 904 1271 tua
915 1221 993 1271 omni-

142 1286 533 1336 Exaudietillumdecoelosaneto
564 1287 631 1337 bus
625 1287 730 1336 mimicis
746 1287 816 1336 tuis·
833 1287 938 1336 dextera
953 1293 994 1335 tua

109 1367 153 1399 suo
166 1369 172 1400 ι
184 1352 210 1399 in
221 1352 389 1414 potentatibus
399 1351 464 1400 salus
475 1351 533 1400 dex·
564 1352 673 1400 inveniat
696 1366 790 1411 omnes,
814 1351 860 1415 qui
886 1357 914 1400 te
936 1350 993 1400 ode·

108 1424 166 1464 terae
178 1415 236 1478 ejus
564 1423 627 1465 runt.

142 1480 212 1527 Hi
206 1495 232 1526 ιιι
259 1479 376 1537 curribus,
402 1486 426 1528 et
453 1479 513 1528 hi'
506 1496 533 1528 ιιι
598 1481 678 1529 Pones
689 1495 732 1529 eos
742 1485 770 1528 ut
786 1478 938 1528 clibanum·
931 1478 993 1543 ignis

109 1544 201 1607 equis.
217 1559 263 1592 nos
280 1550 362 1591 autem
380 1544 405 1591 in
423 1544 572 1593 Nomine'
565 1562 591 1595 m
606 1552 717 1620 tempore
731 1543 813 1593 vultus
829 1543 887 1592 tui:
906 1543 992 1593 Domi·

109 1608 218 1655 Domine
240 1607 289 1655 Dei
311 1607 388 1656 nostri
408 1607 534 1656 invocabi·
565 1625 611 1658 nus
622 1610 647 1656 in
659 1609 695 1656 ira
706 1623 750 1657 sua
766 1607 926 1656 conturbabit
941 1623 990 1663 eos.

109 1688 169 1720 mus.
566 1681 590 1722 t
601 1673 728 1721 devorabit
741 1688 782 1721 eos
794 1672 865 1735 ignis.

142 1736 194 1798 Ipsi
208 1736 310 1799 obligati
327 1743 390 1794 sunt,
406 1737 533 1785 etcecide·
599 1739 717 1786 Fructum
748 1751 833 1785 eorum
865 1735 898 1785 de
931 1742 993 1785 terra

109 1809 185 1847 runt:
202 1816 247 1848 nos
259 1809 340 1848 autem
352 1816 498 1850 surreximus
510 1810 534 1850 et
565 1803 670 1866 perdes:
683 1809 802 1850 etsemen
813 1800 993 1849 eorumafiliis

109 1864 182 1912 erecti
194 1880 283 1913 sumus
565 1867 700 1914 hominum.

142 1929 257 1987 Domine,
272 1928 367 1977 salvum
383 1930 421 1978 fae
434 1946 534 1993 regem:
599 1931 723 1992 Quoniam
735 1929 940 1978 declinaverunt
933 1945 958 1977 ιιι
970 1936 992 1976 te

110 1999 133 2040 et
145 1993 233 2040 exaudi
249 2008 295 2041 nos
311 1994 338 2040 ln
348 1994 388 2042 dre
400 2009 450 2057 qua
466 1996 534 2043 Invo-
566 1996 662 2044 mala·
685 1995 854 2057 cogitaverunt
880 1993 989 2050 consilia,

110 2057 244 2105 caverimus
255 2064 286 2105 te.
565 2075 622 2123 quae
633 2075 683 2107 non
694 2064 827 2122 potuerunt
840 2057 958 2107 stabilne.

599 2123 723 2185 Quoniam
735 2137 812 2185 pones
824 2137 867 2170 eos
878 2121 992 2170 dorsum.

566 2188 591 2236 in
600 2188 708 2251 reliquiis
720 2187 767 2235 tuis
778 2187 932 2250 praeparabis
943 2186 993 2234 vul·

211 2250 338 2299 PSALMUS
356 2252 430 2300 XXI.
566 2260 618 2301 tum
630 2267 721 2301 eorum.

598 2316 721 2373 Exaltare‚
734 2314 851 2372 Domine,
866 2315 892 2363 in
903 2315 992 2363 virtute
1035 2312 1037 2325 '

108 2376 131 2498 Ι
176 2377 303 2438 ΟΜΙΝΕ,
329 2380 355 2429 in
381 2381 470 2429 virtute
492 2388 535 2428 tua
566 2389 634 2429 tua:
651 2379 804 2428 cantabimus
820 2385 845 2427 et
860 2379 992 2441 psallemus
1035 2328 1037 2432 i

208 2443 331 2492 laetabitur
347 2460 409 2493 rex:
426 2452 451 2493 et
462 2461 535 2508 super
565 2447 666 2494 virtutes
678 2452 737 2492 tuas
1031 2486 1033 2491 .

110 2506 214 2555 salutare
230 2515 299 2555 tuum
316 2509 447 2557 exsultabit
462 2510 534 2558 vehe-
1034 2502 1037 2537 ¹

110 2578 210 2620 menter.

143 2636 298 2686 DesiderIum
307 2637 417 2686 cordis
396 2653 450 2700 eJus
459 2639 533 2686 tribu·
602 2643 669 2688 luas
683 2642 726 2689 ll
767 2641 805 2694 {In
819 2644 843 2692 l
846 2658 950 2708 tspttos

110 2699 151 2747 isti
167 2701 213 2749 ei·
231 2709 255 2751 et
272 2703 397 2751 voluntate
412 2703 534 2751 labiorum

111 2764 162 2826 ejus
174 2781 223 2814 non
235 2767 352 2815 fraudasti
362 2782 425 2816 eum.
659 2767 788 2816 PSALMUS
806 2765 896 2815 XXII.

144 2829 269 2891 Quoniam
286 2831 424 2895 praevenisti
441 2845 497 2879 eum
508 2831 534 2879 in

110 2892 224 2943 benedic
225 2895 479 2945 rombusdulced1n1s
489 2911 534 2958 po·
631 2895 708 2951 EUS
723 2896 792 2944 Deus
807 2910 885 2955 meus,
899 2895 991 2958 respice

110 2957 196 3005 suisti
190 2975 216 3006 ιιι
227 2961 292 3034 capit
294 2976 307 3009 e
318 2960 370 3024 ejus
379 2975 494 3008 coronam
503 2961 535 3008 de
661 2961 688 3008 in
699 2975 746 3018 me,
761 2974 837 3024 quare
851 2973 893 3007 me
906 2959 991 3008 dereli-

111 3020 193 3083 lapide
204 3025 318 3098 pretioso
566 3023 991 3088 quisti?longeasalutemeaverba

144 3085 227 3200 Vitargr
243 3089 313 3150 petiit
330 3096 400 3136 ate:
417 3095 441 3136 et
459 3088 533 3136 tribu·
566 3088 710 3138 delictorum
721 3102 840 3137 meorum.
1030 3060 1036 3125 i

169 3164 202 3201 22
