2092 3450
64 208 124 257 Dies
137 210 183 256 Μ’.
450 203 561 269 {usnimi
819 203 862 247 sni
877 201 941 261 terp.

99 351 169 402 Deus
198 367 275 413 meus,
305 351 419 402 clamabo
446 367 491 417 per
555 352 679 416 Quoniam
689 352 898 401 circumdederunt
906 369 946 402 me

65 417 141 476 diem,
149 424 230 466 etnon
237 417 352 466 exaudies
362 435 368 466 ε
377 423 402 467 et
408 425 488 476 nocte,
522 433 595 467 canes
606 418 677 466 multi
691 434 697 466 :
713 417 845 465 concilium
860 418 946 480 malig-

66 488 91 530 et
102 496 153 530 non
164 481 196 529 ad
207 481 372 545 insipientiam
382 480 451 530 mihi.
522 484 634 530 nantium
645 481 741 530 obsedit
752 496 799 530 me.

99 546 139 593 Tu
150 552 232 594 autem
242 546 269 594 in
280 551 365 595 sancto
375 545 473 594 habitas
483 563 490 594 z
555 547 682 595 Foderunt
692 561 780 594 manus
790 560 858 595 meas
869 551 894 594 et
904 560 946 608 pe-

65 608 120 658 laus
131 608 214 658 isuadi
521 610 565 659 des
573 625 642 660 meos
654 628 660 659 ε
671 610 886 660 dinumeraverunt
895 625 947 658 om·

98 673 130 723 In
141 679 166 722 te
177 678 333 737 speraverunt
342 680 424 739 patres
434 689 490 723 nos·
522 675 563 722 nia
574 690 630 723 ossa
641 689 702 724 mea

66 737 124 787 tri:
145 745 310 802 speraverunt,
335 746 361 787 et
381 738 491 787 liberasti
555 738 607 802 Ipsi
617 754 676 788 vero
692 739 905 788 consideraverunt
922 746 948 787 et

66 817 116 850 eos.
522 803 679 867 inspexerunt
686 818 727 852 me
739 821 746 852 ι
756 803 892 852 diviserunt
899 803 947 852 sibi

98 866 142 914 Ad
158 873 183 915 te
199 865 372 925 clamaverunt,
389 872 413 915 et
430 866 491 915 salvi
521 867 667 916 vestimenta
673 883 735 926 mea,
744 874 767 916 et
775 883 847 932 super
853 875 947 916 vestem

66 929 126 979 sacti
141 937 198 979 sunt
212 948 219 980 r
235 931 262 979 iu
279 937 304 979 te
323 938 488 996 speraverunt,
522 947 604 981 meam
615 932 733 980 miserunt
744 939 842 981 sortem

65 1002 90 1043 et
101 1010 153 1043 non
163 1001 220 1043 sunt
231 994 331 1044 confusi.
554 993 594 1044 Tu
605 1002 695 1054 autem,
710 996 826 1055 Domine,
836 1011 868 1044 ue
879 996 946 1045 elon·

98 1058 155 1122 Ego
173 1066 256 1107 autem
274 1074 328 1108 sum
346 1059 444 1119 vermis,
466 1066 491 1108 et
521 1060 616 1123 gaveris
635 1060 753 1109 auxilium
772 1067 842 1109 tuum
858 1076 874 1109 a
889 1076 946 1108 mex

64 1137 116 1171 non
127 1123 204 1172 homo
218 1141 225 1171 ι
241 1123 401 1187 opprobrium
411 1123 490 1173 homi·
521 1124 727 1173 addefensionem
733 1140 815 1173 meam
822 1125 944 1187 conspice.

65 1201 134 1246 num,
148 1193 173 1236 et
184 1187 289 1250 abjectio
300 1187 386 1252 plebis.
554 1189 640 1237 Eruea
647 1189 745 1248 framea,
754 1188 830 1247 Deus,
838 1190 946 1237 animam

98 1250 194 1300 Omnes
212 1251 322 1300 videntes
341 1267 382 1301 me
400 1252 490 1300 derise-
521 1268 624 1302 meam:
641 1259 665 1301 et
676 1254 707 1301 de
718 1268 793 1302 manu
810 1254 877 1302 canis
893 1256 946 1301 uni·

65 1322 123 1364 runt
132 1330 174 1364 me
189 1333 195 1364 ε
211 1316 288 1364 locuti
303 1322 360 1365 sunt
373 1315 452 1375 labiis,
466 1324 491 1364 et
522 1333 576 1365 cam
587 1333 674 1366 meam.

64 1387 194 1429 moverunt
203 1387 286 1444 caput
555 1382 629 1431 Salva
642 1391 682 1430 me
693 1397 723 1430 ex
735 1397 777 1431 ore
787 1381 865 1431 leonis
878 1399 884 1429 ε
896 1388 920 1430 et
931 1397 947 1429 a

98 1443 213 1508 Speravit
224 1445 251 1493 in
259 1444 386 1504 Domin03
404 1444 491 1508 eripiat
522 1446 636 1495 cornibus
652 1446 804 1495 unicornium
821 1446 945 1495 humilita-

64 1523 124 1557 eum
137 1525 144 1558 ε
161 1508 256 1557 salvum
267 1508 340 1557 faciat
352 1525 415 1568 eum,
429 1524 490 1572 quo·
522 1516 572 1559 tem
583 1526 671 1559 meam.

64 1572 133 1621 niam
143 1572 197 1621 vult
208 1588 272 1622 eum.
554 1574 669 1624 Narrabo
678 1574 777 1624 Nomen
785 1582 855 1623 tuum
866 1573 946 1623 fratri-

98 1636 491 1700 Quoniamtues‚quiextraxisti
521 1639 567 1687 bus
586 1639 647 1688 meis
663 1656 670 1688 ε
686 1639 713 1688 in
734 1639 817 1688 medio
837 1639 945 1688 ecclesiae

64 1715 106 1750 me
127 1701 160 1750 de
180 1708 282 1761 ventre3
304 1716 360 1765 spes
381 1717 437 1750 mea
459 1702 490 1750 ab
521 1702 628 1752 laudabo
637 1710 668 1752 te.

64 1765 181 1814 uberibus
203 1766 287 1815 matris
308 1781 370 1814 meae
390 1783 397 1814 r
417 1766 444 1814 in
466 1773 491 1814 te
555 1767 605 1829 Qui
626 1767 717 1816 timetis
737 1767 874 1816 Dominum
893 1767 944 1814 iau·

63 1828 189 1894 projectus
200 1844 255 1878 sum
266 1845 296 1878 ex
305 1836 382 1878 utero.
521 1830 578 1879 date
600 1847 656 1880 eum
675 1849 681 1880 ε
700 1831 840 1880 universum
861 1846 945 1880 semen

97 1893 139 1943 De
149 1901 233 1943 ventre
248 1895 333 1942 matris
348 1909 410 1943 meae
422 1894 491 1943 Deus
519 1895 598 1957 Jacob
609 1895 744 1959 glorificate
754 1911 828 1945 eum:

63 1958 486 2007 mursoeturnediscesserisame.
553 1959 652 2008 Timeat
677 1975 734 2009 eum
761 1975 835 2009 omne
861 1975 945 2008 semen

97 2021 224 2085 Quoniam
240 2021 366 2071 tribulatio
379 2023 491 2086 proxima
521 2023 598 2073 Israel
616 2040 622 2072 ε
640 2024 757 2087 quoniam
773 2039 824 2072 non
843 2025 942 2087 sprevit,

64 2094 102 2135 est
117 2104 124 2134 r
140 2087 258 2151 quoniam
273 2102 324 2135 non
340 2094 377 2135 est
393 2087 436 2151 qui
447 2086 489 2134 ad·
520 2103 600 2151 neque
618 2087 730 2152 despexit
746 2089 944 2152 deprecationem

62 2150 139 2214 juvet.
520 2152 640 2216 pauperis.

98 2213 318 2264 Circumdederunt
347 2230 388 2263 me
418 2215 490 2264 vituli
553 2217 608 2265 Nec
629 2217 717 2266 avertit
736 2216 823 2266 faciem
842 2232 910 2265 suam
930 2233 945 2264 a

64 2279 137 2328 multi
155 2296 162 2328 r
183 2279 246 2328 tauri
264 2279 367 2344 pingues
388 2279 490 2329 obsede·
520 2296 561 2329 me
575 2298 581 2329 :
597 2288 622 2329 et
634 2296 690 2331 cum
702 2281 834 2330 clamarem
844 2282 877 2329 ad
888 2297 944 2330 eum

64 2349 122 2392 runt
133 2358 180 2392 me.
521 2345 644 2394 exaudivit
655 2361 703 2395 me.

98 2407 255 2471 Aperuerunt
285 2423 359 2472 super
388 2423 429 2456 me
463 2423 491 2457 os
553 2410 629 2472 Apud
640 2417 664 2459 te
675 2410 728 2459 laus
739 2409 945 2459 meainecelesia

65 2487 158 2521 suum:
175 2472 238 2521 sicut
252 2471 291 2521 leo
306 2472 405 2536 rapiens
416 2479 440 2521 et
451 2488 490 2521 ru·
520 2489 611 2537 magna
628 2491 636 2524 r
651 2481 711 2523 vota
726 2490 783 2524 mea
797 2475 900 2523 reddam
918 2475 944 2522 in

83 2538 89 2550 ’
135 2573 142 2585 .
520 2546 652 2602 conspectu
663 2539 802 2588 timentium
813 2554 876 2586 eum.

98 2600 169 2650 Sicut
188 2615 252 2664 aqua
268 2600 357 2650 effusus
373 2616 427 2650 sum
443 2618 449 2650 r
466 2607 490 2650 et
554 2603 636 2651 Edent
643 2618 762 2666 pauperes
771 2602 945 2651 etsaturabun·

65 2664 90 2712 d'
137 2670 243 2713 masunt
254 2666 337 2714 omnia
348 2681 404 2714 ossa
414 2681 475 2714 mea.
521 2673 567 2725 tur,
577 2675 602 2716 et
610 2667 746 2716 laudabunt
757 2667 892 2714 Dominum
902 2666 944 2730 qui

121 2736 204 2777 actum
221 2736 318 2778 osteor
336 2744 417 2778 meum
437 2736 489 2777 tan·
520 2732 645 2794 requirunt
664 2746 721 2780 eum
740 2748 747 2779 ε
767 2731 850 2779 vivent
870 2730 945 2778 corda

65 2807 141 2857 quam
148 2808 203 2842 cera
210 2792 345 2857 liquescens
357 2810 363 2842 ε
374 2793 490 2843 inmedio
520 2810 604 2844 eorum
615 2795 641 2843 in
652 2795 768 2843 saeculum
779 2793 868 2845 saeculi.

65 2855 158 2906 ventris
165 2856 222 2906 mei.
554 2859 750 2908 Reminiscentur
766 2865 790 2906 et
803 2865 944 2907 converten-

98 2921 173 2970 Aruit
195 2928 312 2986 tanquam
333 2930 396 2972 testa
413 2922 490 2972 virtus
521 2931 560 2973 tur
571 2924 603 2972 ad
614 2922 750 2971 Dominum
762 2922 867 2971 universi
884 2922 944 2972 fines

66 3001 131 3045 mea,
155 2992 180 3034 et
201 2985 285 3051 lingua
310 3002 366 3036 mea
387 2987 490 3036 adhaesit
521 2996 591 3036 terrae
610 3004 617 3036 z
637 2993 662 3035 et
681 2987 818 3035 adorabunt
839 2985 865 3036 in
887 3003 944 3036 con·

66 3049 178 3099 saucibus
190 3052 253 3100 meis
268 3069 275 3100 r
291 3051 490 3116 etinpulverem
521 3059 607 3115 spectu
629 3050 681 3115 ejus
702 3051 821 3101 universae
845 3051 946 3100 familia

65 3114 153 3164 mortis
163 3113 285 3166 deduxisti
295 3130 343 3166 me
520 3115 639 3182 gentium.

133 3188 181 3238 227
