2092 3450
206 158 337 226 flaminica
353 157 456 213 bacina
476 154 575 209 &uinta
593 156 650 219 anst
669 150 826 206 Crinitatnn.

73 309 145 358 datus
166 315 210 369 est,
232 325 355 374 regressus
374 318 418 372 est,
439 328 496 361 cum
528 330 582 363 cem
598 317 711 366 mundati
727 325 803 367 sunt?
821 326 846 368 et
863 335 953 369 novem

72 375 395 438 magnavocemagnificaus
403 376 492 436 Deum,
527 378 571 427 ubi
588 383 663 430 sunt?
704 382 766 431 Non
784 390 820 432 est
839 384 955 433 inventus

72 445 97 512 et
105 439 193 487 cecidit
204 439 231 488 in
245 438 333 487 faciem
348 447 406 489 ante
422 441 497 504 pedes
529 443 572 506 qui
593 445 690 504 rediret,
714 453 739 495 et
760 447 830 496 daret
848 448 954 511 gloriam

72 518 132 565 ejus,
160 503 251 566 gratias
279 518 371 566 agens:
403 512 428 553 et
455 505 496 554 hic
530 508 593 567 Deo,
613 509 660 557 nisi
677 509 719 558 hic
735 510 878 574 alienigena„
921 512 954 561 Et

72 574 123 615 erat
136 566 309 616 Samaritanus.
334 567 497 631 Respondeas
529 571 564 620 ait
570 571 606 620 illi
616 590 623 621 ε
640 573 726 637 Surge,
736 575 798 623 vade
808 594 815 625 ε
826 577 885 640 quia
893 575 955 625 fides

72 638 154 679 autem
163 632 242 696 Jesus,
256 631 337 680 dixit:
353 631 446 682 Nonne
454 633 496 681 de·
528 643 571 684 tua
581 643 606 685 te
614 637 708 686 salvum
724 639 792 692 fecit.

219 771 349 828 baniolas
359 773 461 830 naama
474 775 572 832 &uinta
584 781 640 846 pust
652 779 808 836 utilitatem

231 869 329 924 eratin.
528 893 645 943 molestus
663 894 714 944 sit:
741 910 788 959 ego
810 895 876 944 enim
895 896 955 960 stig·

133 972 278 1035 usuom,
298 975 414 1035 Domine,
431 992 497 1040 qua.
528 965 596 1006 mata
614 959 716 1008 nomm
729 960 789 1024 les»u
800 975 832 1035 ‚111
851 975 955 1036 compe,

163 1053 254 1099 sumus,
277 1039 414 1088 Ecclesiam
430 1049 498 1089 tuam
528 1037 584 1071 ³¹⁶⁰
598 1030 684 1098 ¹Pim-
736 1024 823 1100 (Rana
850 1024 955 1100 D0¹3¹3¹¹¹

73 1101 247 1165 propitiatione
257 1111 393 1167 perpetua;
409 1112 434 1153 et
440 1106 499 1168 quia
528 1092 606 1134 nostrl
620 1088 635 1151 J
637 1103 680 1136 ⁶⁵¹¹
691 1087 783 1137 Chfsstl
800 1096 955 1153 c¹²¹1¹⁵P¹f¹i¹¹

73 1166 125 1214 sine
133 1173 158 1214 te
169 1166 259 1214 labitur
271 1167 379 1216 humana
389 1163 497 1216 mortali·
528 1157 616 1210 vemt
631 1151 722 1201 fratres·
758 1155 847 1202 Amin·

73 1239 117 1287 tas,
132 1230 180 1278 tuis
196 1245 293 1294 semper
307 1232 403 1280 auxiliis
420 1241 444 1281 et
455 1233 498 1281 ab·
765 1263 769 1272 =
787 1268 789 1271 .

73 1293 195 1342 strahatur
211 1310 227 1342 a
245 1295 333 1354 noxiis,
347 1302 372 1344 et
386 1296 418 1344 ad
434 1297 497 1345 salu·
649 1265 821 1330 ffimmflmm'

73 1358 135 1405 taria
162 1357 286 1421 dirigatur.
340 1361 388 1408 Per
412 1361 498 1423 Jesum
637 1367 662 1417 S.
679 1368 750 1416 Matt.
761 1367 793 1417 vi.
806 1380 844 1429 24

75 1421 200 1470 Christum
222 1423 358 1472 Dominum
377 1432 494 1474 nostrum.

602 1459 680 1508 ΕΜΟ
699 1467 780 1524 potest
797 1460 894 1509 duobus
909 1461 955 1508 do·

73 1489 161 1535 Amm‘
633 1525 706 1572 minis
714 1525 820 1573 servire:
837 1531 879 1572 aut
887 1525 955 1573 enim

214 1595 338 1661 ssplgtfllg.
529 1603 606 1636 unum
618 1589 676 1636 odio
691 1589 800 1647 habebit,
814 1595 839 1636 et
850 1589 955 1637 alterum

184 1691 284 1739 AdGl
320 1690 325 1702 .
530 1653 632 1715 diliget:
657 1660 699 1701 aut
716 1669 792 1700 unum
814 1653 952 1713 sustinebit,

261 1707 333 1739 ML
348 1703 384 1740 Π·
530 1723 555 1765 et
574 1717 677 1765 alterum
700 1723 846 1766 contemnet,
894 1717 955 1765 Non

146 1783 256 1831 IDETE
279 1783 392 1847 qualibus
414 1784 500 1832 litteris
530 1781 632 1843 potestis
652 1781 709 1829 Deo
725 1782 815 1829 servire
835 1789 858 1829 et
876 1797 954 1828 mam·

177 1847 262 1910 scripsi
273 1848 406 1896 vobismea
414 1864 495 1896 manu.
530 1861 618 1894 monae.
665 1845 726 1893 Ideo
748 1845 805 1893 dico
824 1845 903 1903 vobis,
923 1861 955 1893 ne

75 1909 229 1974 Quicumque
237 1911 394 1961 enimvolunt
402 1912 500 1975 placere
530 1909 627 1957 solliciti
661 1909 713 1957 sitis
746 1909 836 1957 animae
867 1916 955 1958 vestrae

75 1976 99 2022 in
111 1990 190 2032 carne,
205 1975 230 2023 hi
242 1982 333 2038 cogunt
344 1992 388 2024 vos
398 1977 499 2025 circum·
531 1973 590 2036 quid
609 1973 769 2030 manducetis,
799 1989 880 2036 neque
902 1989 956 2022 cors

74 2038 129 2098 cidi,
151 2046 246 2087 tantum
271 2047 298 2088 ut
314 2041 392 2088 crucis
408 2041 501 2089 Christi
530 2037 584 2100 pori
611 2045 692 2085 vestro
719 2037 778 2100 quid
808 2037 952 2086 induamini

74 2104 268 2166 persecutionem
293 2120 344 2152 non
365 2105 495 2168 patiantur.
531 2101 622 2149 Nonne
644 2102 726 2149 anima
748 2102 803 2164 plus
825 2110 862 2149 est
880 2117 956 2165 quam

74 2167 99 2213 N
101 2183 163 2229 eque
170 2168 236 2214 enim
243 2167 285 2278 qui
294 2168 501 2217 circumciduntur
530 2181 599 2214 esca:
616 2174 641 2214 et
653 2181 740 2228 corpus
752 2167 806 2228 plus
817 2181 892 2228 quam
903 2182 956 2214 ves-

74 2231 155 2293 legem
174 2239 242 2279 custo
261 2232 330 2280 lunt:
350 2233 394 2280 sed
413 2233 499 2281 volunt
531 2230 680 2278 timentum?
709 2230 833 2294 Respicite
845 2229 957 2280 volatilia

74 2311 118 2343 vos
145 2295 293 2355 circumcidi,
323 2303 350 2345 ut
377 2297 404 2344 in
427 2313 500 2346 carne
531 2294 595 2352 coeli,
631 2294 748 2357 quoniam
779 2309 831 2341 non
861 2303 954 2353 serunt,

75 2365 156 2407 vestra
163 2359 304 2421 glorientur.
341 2360 406 2408 Mihi
417 2370 500 2409 autem
530 2374 611 2421 neque
631 2366 733 2417 metunt,
755 2373 835 2420 neque
854 2373 957 2421 congre·

74 2423 137 2470 absit
164 2423 271 2485 gloriari,
301 2424 348 2472 nisi
376 2425 401 2472 in
429 2441 500 2473 cruce
530 2421 742 2484 gantinhorrea:
758 2430 783 2470 et
795 2423 868 2470 Pater
876 2430 958 2470 vester

75 2487 177 2535 Domini
199 2487 277 2535 nostri
303 2487 363 2550 Jesu
390 2489 480 2537 Christi
493 2483 502 2536 ε’
531 2486 780 2597 coelestispascitilla
812 2486 957 2534 Nonnevos

74 2567 118 2615 per
134 2567 208 2614 quem
224 2551 285 2599 mihi
301 2552 407 2600 mundus
424 2553 499 2600 cruci·
530 2551 608 2613 magis
625 2549 701 2614 puris
720 2551 777 2598 estis
792 2550 861 2598 illis?
895 2550 959 2611 Quis

74 2615 137 2663 fixus
157 2623 200 2673 est,
222 2622 246 2663 et
264 2631 311 2678 ego
328 2617 428 2664 mundo.
469 2617 501 2664 In
530 2623 612 2663 autem
628 2623 735 2663 vestrum
750 2614 860 2676 cogitans
875 2621 958 2677 potest

76 2680 174 2728 Christo
192 2680 258 2727 enim
271 2680 339 2742 Jesu,
358 2697 438 2744 neque
455 2684 499 2729 cir·
530 2679 635 2741 adjicere
668 2678 700 2726 ad
734 2687 852 2727 staturam
886 2694 957 2726 suam

76 2745 191 2792 cumcisio
209 2744 301 2807 aliquid
321 2744 394 2803 valet,
419 2761 498 2808 neque
531 2743 641 2791 cubitum
658 2744 753 2790 unum?
787 2743 819 2790 Et
836 2743 868 2791 de
884 2743 957 2790 vesti·

75 2809 230 2871 praeputium,
245 2809 287 2856 sed
304 2824 369 2856 nova
381 2818 496 2857 creatura.
531 2815 615 2855 mento
651 2807 710 2870 quid
747 2806 845 2854 solliciti
879 2808 959 2856 estis?

77 2873 109 2919 Et
132 2873 271 2946 quicunque
298 2873 363 2920 hanc
390 2873 500 2935 regulam
533 2871 693 2920 Considerate
704 2871 959 2933 liliaagriquomodo

76 2943 152 2982 secuti
168 2936 263 2995 fuerint,
281 2953 330 3000 pax
348 2953 420 3000 super
435 2938 497 2994 illos,
533 2943 659 2984 crescunt:
676 2951 727 2983 non
743 2935 863 2992 laborant,
877 2951 960 2998 neque

79 3008 101 3046 et
114 3000 286 3058 misericordia,
301 3008 324 3049 et
341 3017 413 3064 super
425 3002 501 3049 Israel
532 3007 598 3048 nent.
635 3000 699 3047 Dico
710 3007 793 3047 autem
804 3000 882 3057 vobis,
897 3015 958 3062 quo·

80 3063 134 3111 Dei.
177 3065 219 3175 {le
241 3072 328 3113 caetero
348 3082 421 3114 nemo
441 3066 501 3113 mihi
532 3065 599 3111 niam
626 3080 672 3113 nec
694 3064 813 3113 Salomon
840 3063 867 3111 in
889 3064 958 3112 omni

145 3141 176 3175 10
