2092 3450
258 541 468 609 TABULAE
492 544 552 606 ET
578 544 790 610 REGULAE

158 738 356 789 FESTORUM
374 738 562 789 MOBILIUM
581 738 627 787 ET
644 739 878 790 IMMOBILIUM

119 853 168 911 ET
185 853 332 902 DIERUM
347 852 487 918 JEJUNII
507 853 553 900 ET
571 853 830 903 ABSTINENTIAE
847 855 917 903 PER

370 967 501 1017 TOTUM
519 967 664 1016 ANNUM.
702 1040 705 1044 Ι

92 1230 269 1284 REGULAE
280 1241 396 1296 0111sz
408 1240 560 1282 nmmum
574 1239 690 1282 Pomm
703 1240 836 1294 Qmmno
850 1240 946 1282 msm

184 1350 317 1393 mommi
336 1350 376 1391 m
393 1348 545 1391 TEMPORA
563 1347 662 1390 siem
681 1348 856 1390 mmmmm.

163 1508 221 1558 IES
238 1507 341 1557 Paschae
353 1508 394 1567 (ex
409 1523 459 1571 quo
476 1506 571 1570 reliqua
587 1505 649 1554 festa
666 1505 770 1554 mobilia
786 1507 904 1570 pendent)
917 1524 946 1556 ea
985 1559 992 1572 ⁰

195 1613 292 1662 semper
303 1605 339 1646 est
351 1597 485 1645 Dominica
493 1612 549 1660 quae
560 1596 672 1660 proxime
684 1596 793 1644 succedit
805 1597 854 1645 xiv.
868 1597 946 1646 Lunae

91 1704 148 1752 quae
167 1688 235 1736 diem
251 1687 299 1735 xxi.
319 1685 410 1734 mensis
428 1685 513 1733 Martii
530 1685 642 1749 proxime
659 1685 775 1749 sequitur.
818 1685 846 1734 si
863 1694 946 1734 autem

90 1778 146 1826 dies
157 1777 205 1825 xiv.
221 1777 299 1824 Lunae
315 1776 341 1823 in
358 1775 425 1824 diem
442 1773 603 1823 Dominicum
619 1774 682 1822 sorte
699 1774 819 1834 inciderit,
834 1775 947 1839 proxima

92 1867 228 1916 Dominica
238 1867 270 1915 sit
281 1866 334 1915 dies
346 1865 455 1914 Paschae.

127 2005 260 2054 Dominica
279 2005 410 2054 Adventus
429 2020 459 2054 ea
477 2020 575 2069 semper
591 2012 628 2054 est
645 2006 780 2054 Dominica
797 2022 853 2070 quae
871 2005 947 2054 Festo

93 2095 180 2144 Sancti
192 2094 300 2143 Andreae
311 2095 424 2158 proxima
435 2095 467 2143 sit
477 2094 518 2145 vel
529 2102 587 2143 ante
597 2095 637 2144 vel
648 2103 712 2159 post.

306 2232 499 2296 Septuagesimae
528 2239 565 2281 est
586 2233 668 2282 Nona,

307 2297 471 2360 Sexagesimae
536 2333 554 2356 „
586 2297 689 2346 Octava.

306 2361 524 2425 Quinquagesimae
537 2398 555 2421 „
588 2361 706 2426 Septima.

307 2426 508 2490 Quadragesimae
537 2461 554 2485 „
587 2427 669 2476 Sexta„
966 2403 971 2591 Ι

126 2328 262 2377 Dominica
744 2336 802 2378 ante
813 2329 916 2378 Pascha
967 2343 971 2402 Ι

157 2563 292 2612 Dominiea
310 2563 479 2628 Rogationum
495 2570 532 2613 est
548 2563 649 2627 Quinta

158 2629 219 2677 Dies
230 2629 390 2678 Ascensionis
502 2664 521 2690 „
547 2629 658 2679 XLmus.

158 2693 460 2743 DominicaPentecostes
501 2729 520 2754 ‚,
547 2693 666 2756 Septima„

157 2758 292 2807 Dominica
303 2758 350 2808 SS.
360 2757 489 2807 Trinitatis
501 2794 519 2819 „
546 2758 649 2808 Octava„

966 2943 969 2954 Ι
