2092 3450
334 159 407 213 brun
424 159 534 226 urrant
550 161 714 227 lfisultulum.

79 305 129 367 qui,
150 303 236 364 (modo
250 301 316 364 justa
337 302 401 351 adsit
418 304 510 362 causa)
528 303 617 352 mutari
637 309 727 368 potest,
746 310 821 367 atque
837 302 894 352 ideo
913 318 964 352 nou

79 377 136 417 sunt
158 368 212 431 pari
235 367 331 416 ratione
347 383 375 415 ac
399 367 452 416 Lex
475 368 568 415 Divina
590 368 748 416 aestimandae.
795 367 859 429 Quae
881 376 964 416 autem

81 432 243 491 Caerimoniae,
258 447 314 480 cum
330 447 376 479 nee
393 438 467 480 mutae
484 447 530 480 nec
541 433 651 481 obscurae
667 440 731 490 sunt,
743 432 780 480 ita
797 432 961 495 proferuntur,

79 506 106 545 ut
118 497 221 560 quisque
231 496 290 544 sutis
305 495 443 558 intelligere
458 497 536 559 possit
553 504 578 545 et
594 497 653 560 quid
670 496 807 559 significent
823 504 848 544 et
864 495 904 544 cu'i
920 495 964 544 fini

80 561 219 610 inserviant.
253 559 312 608 Has
323 560 396 623 igitur
407 561 510 622 posthac
525 560 588 609 sicut
599 569 698 610 caeteras
709 560 761 608 fore
776 569 902 624 corruptas
913 575 965 608 non

80 635 117 674 est
133 625 320 686 expectandum.
358 624 455 686 Quibus
471 625 497 672 in
514 626 585 674 rebus
602 626 668 688 apud
683 625 847 688 nosmetipsos
863 625 965 688 agendis

80 706 126 738 nec
143 690 203 737 alias
220 688 342 752 quaslibet
353 688 522 752 improbamus
538 697 631 752 gentes,
646 705 691 738 nec
707 689 800 752 aliquid
816 689 863 737 nisi
880 697 965 738 nostro

80 763 176 803 tanturn
193 752 288 816 populo
312 753 508 816 praescribimus3
525 769 623 817 aequum
646 755 712 802 enim
735 769 862 802 censemus
878 769 965 800 unam·

79 833 203 882 quamque
212 824 312 880 gentem
323 833 364 865 eas
374 833 492 881 usurpare
505 817 665 866 Caerimonias
676 833 737 882 quas
748 817 779 865 ad
797 817 846 866 Dei
857 817 963 880 gloriam

81 881 270 946 praedicandam,
290 888 315 930 et
332 881 364 929 ad
380 882 493 931 homines
510 883 535 930 in
552 883 672 930 sinceram
689 883 813 946 pietatem,
833 882 922 930 erroris
939 888 965 930 et

81 946 259 1011 superstitionis
271 954 404 1009 expertem,
415 946 574 1006 reducendos,
586 946 724 1010 aptissimas
734 946 892 1009 reputaverit:
904 946 965 993 dum

81 1028 111 1060 ea
126 1011 202 1058 modo
218 1010 327 1073 deponat
343 1026 399 1074 quae
419 1012 526 1059 maxime
542 1019 656 1074 corrupta
678 1026 731 1059 esse
747 1011 783 1071 (id
798 1011 867 1074 quod
891 1010 965 1059 rebus

80 1077 189 1124 humano
199 1075 302 1123 consilio
314 1075 432 1125 institutis
448 1076 543 1123 diverse
554 1076 580 1123 in
590 1075 732 1138 regionibus
744 1075 845 1123 diversis
862 1074 963 1134 accidit)
1006 1119 1009 1124 .

82 1140 219 1189 identidem
229 1139 339 1188 senserit.

265 1376 290 1434 u
313 1375 397 1441 &rto
419 1376 549 1455 ‘degenti
571 1380 766 1460 waltarium.

147 1533 251 1582 OTUM
264 1531 409 1581 Psalterium
421 1529 560 1593 perlegatur
575 1529 675 1592 singulis
691 1528 823 1588 mensibus,
837 1528 869 1576 ad
882 1529 965 1576 Matu-

179 1598 243 1645 tinas
255 1605 279 1645 et
295 1597 327 1645 ud
339 1595 468 1657 Vesperas,
482 1595 546 1641 utin
564 1593 681 1642 Psalterio
692 1601 796 1642 notatur.
834 1593 864 1640 lu
880 1607 965 1642 mense

82 1661 208 1709 Febntarii
220 1669 302 1709 autem
313 1659 410 1708 nonnisi
422 1659 454 1706 ad
465 1659 531 1706 diem
542 1658 686 1706 vicesimum
701 1665 816 1706 octavum
827 1657 866 1706 vel
878 1656 964 1705 vicesi-

82 1741 151 1772 mum
162 1741 255 1774 nonum
267 1726 369 1788 legatur.
951 1753 954 1758 -

114 1790 148 1837 Et
170 1804 227 1838 cum
251 1789 375 1837 mensibus
396 1786 515 1850 Januarii,
542 1787 635 1844 Martii,
663 1786 733 1845 Maii,
752 1785 820 1849 Julii‚
847 1784 962 1848 Augusti,

82 1853 205 1911 Octobris,
225 1860 252 1904 et,
267 1852 412 1902 Decembris
428 1852 481 1899 dies
497 1853 546 1898 sint
557 1867 620 1898 unus
632 1858 656 1898 et
673 1851 777 1910 triceni;
796 1850 973 1898 Constitutum'

82 1925 126 1976 est,
140 1925 167 1965 ut
178 1918 254 1966 iidem
265 1918 377 1980 legantur
389 1915 480 1963 Psalmi
491 1915 517 1962 in
528 1915 616 1964 ultimo
627 1915 668 1964 die
679 1914 766 1962 harum
782 1917 904 1962 mensium
921 1914 964 1978 qui

82 1982 108 2030 in
132 1983 172 2030 die
195 1982 305 2045 proxime
330 1981 483 2044 praecedente
506 1979 666 2041 legebantur;
682 1985 709 2026 ut
725 1979 813 2026 iterum
834 1979 963 2042 incipiatur

82 2047 228 2094 Psalterium
239 2047 264 2094 in
276 2046 317 2094 die
327 2045 408 2109 primo
419 2044 510 2092 mensis
521 2043 650 2106 sequentis

115 2111 182 2172 Quia
192 2126 250 2158 vero
264 2110 375 2159 Psalmus
391 2108 453 2156 cxix.
469 2108 494 2156 in
506 2108 563 2155 xxii.
578 2107 693 2170 periodos
704 2114 740 2155 est
751 2107 851 2165 divisus,
866 2114 890 2155 et
908 2124 964 2171 pro·

81 2175 154 2222 lixior
171 2182 208 2223 est
229 2190 304 2238 quam
315 2181 342 2222 ut
358 2188 408 2221 uno
425 2180 536 2235 tempore
558 2171 669 2233 legatur;
686 2170 853 2219 Constitutum
870 2180 915 2232 est,
935 2174 982 2221 ut'

81 2254 131 2286 una
142 2239 195 2287 vice
206 2247 312 2302 quatuor
322 2245 364 2286 aut
376 2237 484 2301 quinque
495 2236 589 2299 periodi
601 2244 696 2292 tantum
707 2235 825 2298 legantur.

114 2328 147 2375 Et
158 2328 184 2375 in
195 2327 244 2376 fine
254 2321 443 2389 uniuscujusque
456 2324 555 2383 Psalmi,
567 2324 606 2372 vel
618 2324 712 2388 periodi
725 2324 816 2372 Psalmi
828 2324 888 2373 cxix.
903 2326 964 2374 reci-

82 2399 146 2440 tetur
158 2407 254 2455 semper
264 2391 304 2440 hic
317 2391 440 2453 Hymnus,

116 2457 200 2504 Gloria
211 2456 290 2515 Patri,
304 2463 327 2503 et
335 2455 417 2502 nlo:
434 2459 456 2501 ct
465 2453 572 2515 Spiritui
582 2454 671 2502 Sancto
681 2470 692 2507 ,-

115 2521 184 2568 Sicut
196 2527 250 2569 erat
258 2521 286 2567 in
295 2518 427 2582 princtpio,
440 2524 462 2566 et
476 2533 550 2576 nunc,
564 2525 586 2565 et
598 2525 704 2580 semper:
715 2523 737 2565 et
750 2517 777 2564 in
791 2518 878 2565 saecula
892 2519 964 2566 sacu-

82 2584 170 2632 lorum.
206 2587 294 2633 Amen.

115 2684 191 2743 Nota,
211 2684 277 2748 quod
295 2678 406 2731 Psalterii
424 2682 512 2731 Versio
529 2680 657 2744 [Anglica]
681 2682 814 2730 secundum
841 2681 965 2732 Hebraeos

82 2749 168 2806 divisa,
180 2765 209 2797 ea
220 2759 256 2797 est
267 2764 341 2811 quam
353 2747 428 2794 habet
439 2762 528 2809 magna
540 2746 583 2795 illa
595 2747 676 2794 Biblia
687 2747 800 2808 Anglica,
812 2747 965 2809 temporibus

84 2813 187 2863 llenrici
199 2813 275 2876 Regis
287 2812 375 2862 Octavi
387 2819 412 2860 et
423 2811 533 2859 Edvardi
546 2811 614 2860 Sexti
626 2811 693 2860 edita
703 2819 777 2876 atque
788 2819 911 2873 usurpata.
