2092 3450
362 174 755 247 metuendorum:

116 317 224 375 Panem
233 317 263 373 in
271 332 374 373 manus
382 314 475 384 suast)
491 328 539 367 ac·
572 310 702 383 ejusdem
717 321 779 368 tam
795 310 894 387 bentae
911 306 997 365 Pard-

113 382 189 452 cepit
198 383 321 449 Panem;
335 392 365 439 et
373 382 426 439 tibi
433 383 540 453 gratim
573 382 647 452 onis,
662 400 775 439 necnon
792 392 824 439 et
843 383 885 437 ab
907 379 996 437 inieris

113 470 211 523 agens,
251 453 404 524 benedixit,
448 454 540 523 fregit,
574 452 810 522 Resurrectionis,
837 452 891 509 sed
914 460 944 507 et
968 450 996 505 in

34 528 36 533 '
113 524 248 596 deditque
260 523 406 594 discipulis
418 524 486 593 suis,
497 524 539 579 di·
572 524 662 579 coelos
690 524 823 595 gloriosae
849 524 996 579 Resurrec-

114 611 192 663 cens,
214 595 344 665 Accipite
367 604 396 650 et
418 595 539 649 mandu-
571 592 996 663 tionisrtibigratiasexaoimo

112 674 190 730 cate;
211 666 276 721 Hoc
288 675 332 721 est
342 665 420 720 enim
430 665 539 736 Corpus
571 675 691 747 agentes
708 674 825 737 propter
841 664 996 719 innumer-

113 737 221 801 Meum,
232 736 309 807 quod
326 752 378 805 pro
395 736 478 790 vobis
489 736 540 791 da·
570 735 640 791 bilia
662 735 802 791 beneficia
825 735 913 789 nobis
936 732 997 789 inde

112 814 173 861 tur:
198 808 263 861 Hoc
284 807 369 861 facite
390 806 420 861 in
443 822 539 861 mmm
570 804 996 877 collatarsuppliciterrogantos

113 877 419 932 commemorationem.
446 875 538 930 Simili
570 886 719 947 paternam
738 887 819 931 tuam
842 876 995 931 bonitatem

111 947 538 1019 modoposteaquamcoenatum
570 956 602 1002 ut
626 947 681 1003 hoc
697 952 834 1003 'nostrum
857 946 953 1001 laudis
970 955 996 1001 et

111 1027 163 1084 est,
172 1016 314 1087 accipiens
322 1019 392 1089 (Hic
401 1022 540 1077 Sacerdos
570 1017 724 1087 gratiarum
753 1017 928 1073 sacrificium
952 1016 995 1071 be

112 1087 378 1213 acciniatcgalicem
396 1092 425 1213 iil
436 1108 540 1213 grani?
570 1088 823 1214 nignrluisaccipiatsr
841 1086 995 1213 hufflllgimec

111 1161 218 1310 {liii
243 1175 351 1311 ggii?
358 1175 444 1283 'seuit
474 1176 539 1297 ins}
569 1174 994 1311 iliitfihiiiiffiimau

110 1298 217 1369 dicens,
228 1299 322 1356 Bibrte
330 1316 365 1355 ex
377 1316 411 1355 eo
423 1316 523 1356 omnes
529 1317 538 1366 ς
572 1300 685 1368 Christi,
715 1310 745 1356 et
772 1316 825 1370 per
855 1299 994 1355 ridemur

112 1370 170 1424 Hic
182 1380 225 1424 est
234 1370 311 1425 enim
321 1371 443 1440 Sanguis
454 1371 538 1425 Meus
570 1370 715 1439 Sanguine
735 1370 834 1441 ipsius,
852 1380 883 1425 et
901 1386 955 1425 nos
971 1378 996 1423 et

111 1440 177 1494 novi
201 1441 385 1506 Testamenti,
409 1440 458 1522 qui
467 1458 538 1565 ‘pro
569 1441 702 1495 universa
719 1440 853 1495 Ecclesia
866 1450 918 1495 tua
934 1456 995 1512 pec·

110 1511 191 1565 vobis
211 1520 240 1565 et
263 1527 314 1581 pro
335 1510 432 1565 multis
450 1527 467 1566 e
488 1529 536 1566 un·
569 1520 696 1567 catorum
736 1511 937 1567 remissionem
969 1519 996 1565 et

110 1580 186 1634 ditur
195 1581 223 1635 in
233 1581 428 1636 remissionem
436 1598 537 1651 pecca·
569 1591 672 1637 caetera
714 1581 811 1636 omnia
852 1581 995 1637 Passionis

111 1661 218 1706 torum:
239 1652 536 1722 Hocfacite,quoties·
569 1653 774 1775 egusbeneficia
782 1668 993 1722 consequamur.

112 1739 232 1792 cumque
256 1723 368 1789 bibetis,
389 1723 417 1776 in
442 1740 536 1778 meam
595 1724 674 1791 thie,
687 1723 747 1789 tibi,
759 1723 893 1789 Domine,
907 1723 994 1777 offeri-

112 1794 415 1849 commemorationem.
569 1811 632 1848 mus
651 1804 680 1848 et
700 1794 866 1848 exhibemus
886 1810 994 1847 nosme-

568 1866 666 1936 tipsos,
690 1865 801 1918 animas
826 1874 855 1919 et
880 1864 995 1933 corpora

110 1958 182 2011 ΗἱῙνἚ
194 1960 281 2013 verba
293 1963 482 2029 praecedentia
494 1964 535 2018 di·
568 1946 673 2016 nostra,
683 1936 733 1989 tibi
741 1935 866 1989 hostiam
875 1936 995 1989 rationa-

144 2038 189 2082 cat
215 2032 364 2099 Sacerdos
387 2050 475 2103 usque
497 2036 534 2088 ad
568 2007 663 2074 bssem’
687 2015 825 2087 sanitam⁵
850 2015 879 2059 et
901 2007 994 2059 Viven'

142 2099 241 2163 Altare
276 2119 436 2171 conversus
471 2105 533 2160 sine
567 2086 641 2142 “¹¹²3
660 2078 800 2146 supphoes
817 2085 845 2157 t?
863 2086 994 2144 mgantes

141 2171 199 2222 ulla
218 2172 372 2226 elevatione
391 2172 435 2227 vel
453 2193 532 2228 mon·
567 2157 597 2201 ut
625 2156 765 2227 qumqmi
791 2146 876 2216 huJus
908 2162 994 2200 ⁵³⁶¹ae

143 2242 279 2295 stratione
301 2244 476 2300 Sacramenti
495 2246 533 2301 ad
566 2218 782 2340 fc⁰min¹¹f¹i⁰¹¹¹³
821 2217 992 2299 ‘participes

141 2313 284 2381 populum⁸
577 2297 651 2340 uturr
675 2297 731 2341 smt
757 2297 993 2357 pretiosissimum

568 2359 676 2427 Corpus
694 2369 722 2412 et
742 2358 918 2426 Sanguinem
932 2357 993 2411 Filii

183 2429 270 2482 NDE
289 2437 316 2497 et
333 2428 463 2495 humileS,
476 2429 535 2482 Do·
566 2428 606 2482 tui
630 2431 697 2498 Jesu
718 2428 821 2482 Christi
841 2429 929 2496 digne
949 2445 993 2481 ac-

216 2500 293 2553 mine
306 2500 390 2552 Pater
402 2498 535 2567 coelestis,
567 2498 681 2568 cipiant,
706 2508 733 2553 et
758 2499 835 2552 omni
861 2499 993 2554 benedic-

108 2586 161 2623 nos
194 2570 235 2624 tui
267 2569 350 2638 servi,
379 2569 534 2622 secundum
566 2570 642 2625 tione
660 2569 769 2624 coelesti
788 2579 816 2623 et
833 2570 928 2638 gratia
946 2580 992 2624 tua

108 2640 313 2694 institutionem
343 2639 438 2693 dilecti
471 2640 534 2693 Filii
565 2641 733 2709 repleantur,
758 2648 786 2693 et
810 2657 897 2693 unum
925 2640 992 2694 fiant

108 2711 149 2763 tui
173 2711 326 2765 Salvatoris
348 2710 436 2765 nostri
465 2712 533 2779 Jesu
566 2727 667 2780 corpus
710 2727 775 2764 cum
822 2711 895 2764 Filio
944 2720 992 2764 tuo

110 2782 223 2849 Christi,
246 2781 293 2835 hic
318 2798 413 2835 coram
438 2780 533 2834 divina
564 2781 633 2849 Jesu
661 2781 782 2845 Christo,
809 2789 839 2834 ut
872 2782 939 2850 lpse
964 2781 991 2834 in

111 2851 261 2920 Maiestate
283 2862 339 2918 tua,
358 2853 393 2905 de
414 2852 458 2905 his
478 2852 533 2905 tuis
565 2851 606 2907 eis
624 2852 741 2919 habitet,
760 2861 787 2905 et
808 2851 834 2905 ei
860 2851 889 2905 in
915 2852 989 2920 Ipso.

108 2923 214 2975 sanctis
230 2923 311 2976 donis
330 2939 364 2976 ac
383 2923 457 2976 datis
475 2939 533 2975 me·
563 2923 603 2976 Et
626 2922 754 2992 quamvis
785 2931 900 2991 propter
922 2923 990 2975 mul-

106 2992 225 3045 moriam
238 2992 413 3047 celebramus
425 3002 453 3047 et
465 2992 532 3047 faci·
565 2992 671 3062 tiplicia
689 3002 808 3063 peccata
823 3003 921 3046 nostra
934 3010 990 3046 non

106 3079 167 3115 mus
178 3078 264 3130 quam
273 3064 355 3117 nobis
370 3064 456 3116 Filius
467 3073 531 3118 tuus
565 3064 641 3132 digni
652 3064 740 3117 simus
749 3064 797 3133 qui
807 3063 897 3116 ullum
906 3063 989 3117 sacri-

102 3131 197 3188 facere
218 3134 368 3206 praecepit:
392 3151 530 3189 memores
564 3134 658 3188 ficium
671 3134 723 3189 tibi
742 3135 904 3203 offeramus,
915 3135 989 3187 hanc

161 3216 215 3273 374
