2092 3450
438 179 621 249 dutttbitmus.

79 311 384 380 naeetepirituniisnobis
399 313 504 373 collater,
538 306 966 362 tutumestCoeuaeDominicreSr·

80 379 207 430 aChristo
223 378 278 443 ipso
293 378 440 438 institutum,
453 385 507 427 tan-
538 377 711 426 crumentum?

80 460 156 509 quam
174 444 364 494 instrumentum
379 457 425 506 per
439 443 507 506 quod
567 443 645 504 Resp.
673 439 706 489 In
725 445 873 504 perpetuam
899 454 966 489 oom-

80 524 136 558 eam
146 508 288 584 accipimus,
302 513 327 555 et
336 505 427 570 pignus
439 507 507 572 quod
537 504 741 555 memorationem
750 502 871 554 Sacrificii
880 503 967 553 mortis

80 572 219 623 eamnobrs
229 569 364 622 confirmet
539 569 640 630 Christi,
663 575 689 619 et
709 567 889 619 beneficiorum
911 584 966 634 quse

119 637 158 699 Qu
183 637 252 700 Quot
260 641 343 700 partes
353 640 411 684 suut
421 634 507 685 Sacra·
537 634 597 684 inde
606 631 762 699 percipimus.

80 701 178 751 mentit
566 703 614 764 Qu.
628 696 965 762 QuaenamestinCoenaDo

118 762 193 825 Resp.
210 764 291 825 Dnae;
312 763 411 827 signum
429 770 508 813 exter·
537 760 967 828 minioaparsexteruasivesiguum?

80 827 284 888 unmetrisibile,
294 828 405 892 etgratia
412 828 508 878 interna
566 831 642 893 Rcsp.
666 825 742 876 Panis
758 825 899 886 etVinum,
911 841 966 892 quse

81 902 129 943 ets
146 892 256 943 iritualis
538 891 661 941 Dominus
672 891 751 955 accipi
759 889 840 955 jussit.

119 909 507 1021 &uQuodnamestsignumex-
566 958 614 1019 Qu.
646 955 769 1019 Quaenam
800 963 840 1005 est
870 955 967 1005 interna

81 1030 178 1072 ternum
186 1022 237 1071 sive
244 1021 355 1071 formain
362 1021 509 1085 Baptismo?
538 1035 602 1085 pars,
615 1019 668 1070 sire
678 1035 717 1070 res
728 1018 887 1083 significata?

118 1087 194 1152 Resp.
210 1087 235 1134 A
253 1100 293 1146 ua,
310 1101 361 1150 qua
375 1086 431 1150 quis
446 1086 507 1150 bap·
569 1085 646 1161 Resp.
678 1084 776 1148 Corpus
803 1090 830 1136 et
860 1083 966 1148 Sanguis

82 1151 176 1209 tinuatur,
196 1149 227 1199 In
273 1150 357 1200 omine
375 1150 463 1210 Patris,
483 1156 509 1199 et
538 1148 639 1208 Christi,
648 1147 967 1213 quaeafidelibusiuCoeus

83 1215 147 1274 Filii,
161 1221 187 1264 et
198 1214 306 1278 Spiritus
317 1213 408 1265 Sancti
538 1213 672 1262 Dominice
679 1228 736 1262 vere
744 1216 769 1263 et
775 1212 858 1277 reipsa
867 1227 966 1263 sumun-

118 1280 166 1341 Qn.
180 1278 303 1342 Quaenam
319 1285 357 1328 est
372 1279 452 1343 gratia
469 1278 506 1327 in·
537 1285 578 1327 tur
588 1284 613 1327 et
623 1277 798 1343 percipiuntur.

73 1352 151 1392 teme
162 1349 187 1393 et
197 1342 351 1406 spiritualis?
573 1350 620 1405 Qu.
639 1342 762 1405 Quaenam
778 1348 836 1391 sunt
846 1340 967 1392 beneficia

118 1405 193 1469 Resp.
211 1407 278 1457 Mori
293 1413 403 1472 peccato,
418 1414 442 1457 et
456 1407 507 1472 jus·
538 1421 643 1470 quorum
659 1421 705 1471 per
719 1407 770 1456 hoc
786 1421 873 1456 sumus
890 1407 966 1471 parti·

81 1472 142 1521 titiae
155 1470 264 1532 renasci3
280 1487 338 1521 cum
353 1472 421 1521 enim
436 1480 507 1521 natu·
538 1472 625 1536 cipes?

80 1536 164 1585 ruliter
182 1536 259 1585 simus
277 1537 304 1584 in
322 1544 426 1600 peccato
444 1536 504 1594 nati,
572 1538 648 1599 Resp.
667 1535 815 1584 Animarum
827 1541 967 1584 nostrarum

81 1607 106 1649 et
132 1600 175 1649 irae
202 1599 255 1658 filii,
280 1616 325 1676 per
351 1600 507 1665 Baptismum
538 1599 706 1649 corroboratio
734 1607 760 1649 et
788 1598 891 1648 refectio
924 1615 968 1664 per

80 1664 165 1728 gratiae
176 1664 220 1713 filii
232 1665 290 1713 iactr
300 1681 390 1714 sumus.
540 1663 636 1728 Corpus
651 1671 677 1714 et
694 1663 847 1728 Sanguinem
864 1663 964 1721 Christi,

115 1730 163 1789 Qu.
181 1729 250 1792 Quid
265 1745 281 1778 a
297 1729 450 1794 baptizandis
467 1745 507 1778 ex·
538 1729 600 1778 sicut
611 1744 715 1792 corpora
725 1735 810 1778 nostra
819 1743 866 1792 per
874 1728 967 1777 Panem

80 1793 174 1856 igitur?
539 1799 564 1842 et
571 1792 666 1841 Vinum
676 1793 867 1842 corroborantur
876 1798 903 1841 et
913 1792 967 1842 refi-

114 1858 190 1920 Resp.
210 1857 367 1917 Poenitentia,
386 1874 437 1922 qua
451 1874 508 1922 pec·
538 1858 641 1906 ciuntur.

80 1929 163 1970 catum
179 1922 365 1998 derelinquunt5
382 1929 407 1971 et
422 1922 504 1981 Fides,
570 1927 618 1985 Qu.
642 1921 710 1984 Quid
736 1922 769 1971 ab
798 1922 836 1980 iis,
862 1921 906 1985 qui
934 1921 966 1969 ad

80 2001 130 2049 qua
146 1986 195 2035 Dei
212 2002 333 2050 promissa
354 1987 380 2035 in
399 1987 449 2036 illo.
463 1986 507 2037 Sa·
540 1985 644 2035 Coenam
660 1986 819 2035 Dominicum
836 1986 964 2044 accedunt,

81 2057 206 2100 cremento
233 2051 281 2099 sibi
314 2050 379 2099 facta
406 2050 508 2100 firmiter
538 2051 662 2114 exigitur?

81 2115 189 2163 credunt.
569 2124 645 2183 Resp.
671 2114 708 2164 Ut
728 2114 835 2178 probent
861 2114 964 2178 seipsos,

112 2180 161 2239 Qu.
178 2179 262 2242 Quare
278 2195 336 2243 ergo
349 2179 508 2243 baptizantur
538 2186 621 2227 utrum
638 2193 665 2227 se
680 2185 837 2242 peccatorum
856 2179 966 2242 praeteri·

80 2243 192 2302 infantes,
212 2245 254 2307 qui
271 2260 317 2308 pro
333 2251 417 2293 tenera
435 2251 508 2293 aetate
538 2250 620 2291 torum
641 2258 699 2291 vere
722 2243 850 2306 poeniteat,
874 2258 967 2292 novam

80 2323 124 2355 sua
135 2307 188 2356 haec
199 2315 315 2372 praestare
326 2310 473 2372 nequeunt?
538 2308 615 2354 vitam
642 2307 731 2370 degere
761 2305 864 2355 firmiter
890 2314 967 2356 statu·

113 2371 188 2433 Rcsp.
213 2371 280 2434 Quia
305 2380 437 2437 utrumque
465 2388 508 2436 per
538 2379 622 2429 entes;
637 2377 720 2419 utrum
731 2369 780 2419 Dei
791 2371 967 2420 misericordiae

79 2451 209 2498 sponsores
247 2451 304 2484 suos
341 2436 507 2500 promittunt:
538 2451 582 2498 per
605 2434 732 2483 Christum
758 2435 856 2484 coliatae
882 2435 966 2483 vivam

80 2515 155 2562 quam
185 2500 286 2564 quidem
319 2500 506 2564 promissionem
538 2499 613 2547 fidem
624 2498 739 2556 habeant,
754 2506 779 2547 et
791 2497 885 2547 Christi
900 2514 966 2548 mor·

80 2564 134 2626 ipsi,
159 2579 216 2613 cum
234 2564 393 2623 adoleverint,
415 2564 507 2613 debent
538 2569 589 2612 tem
605 2569 676 2626 grato
688 2563 771 2611 animo
782 2562 908 2622 recolant3
924 2562 966 2611 de·

79 2631 209 2677 exsolvere.
536 2629 619 2691 nique,
630 2627 850 2676 utrumadomnes
857 2627 967 2676 babeant

116 2692 164 2751 Qu.
182 2693 263 2755 Quam
277 2692 310 2741 ob
321 2707 420 2741 causam
435 2691 504 2742 insti·
537 2691 688 2740 charitatem.

82 2818 193 2882 Quisque
212 2818 345 2878 Parochus,
361 2819 384 2866 iu
405 2820 542 2868 Dominicis
559 2827 584 2868 et
603 2820 690 2879 Fusiis,
705 2831 762 2884 post
778 2827 914 2873 secundnm
933 2830 963 2873 m':

113 2883 236 2945 Vesperus
248 2883 400 2943 Lectionem,
412 2885 496 2948 palam
508 2886 532 2932 iu
549 2885 662 2933 Ecclesia
670 2902 760 2949 pueros
770 2889 802 2936 ad
811 2905 881 2938 suam
894 2908 904 2953 1·
910 2908 962 2938 aru-

112 2947 193 2994 chiam
214 2948 365 3009 pertinentes
384 2957 408 2997 et
426 2950 501 2998 adse
519 2951 613 3007 missos,
633 2958 695 3013 quot
713 2952 760 2999 sihi
778 2954 859 3002 visum
881 2955 961 3007 suerit.

112 3011 137 3058 in
160 3011 243 3085 aliqua
271 3012 343 3075 hujus
371 3014 522 3064 Cutcchismi
552 3022 621 3078 purte
644 3016 777 3078 diligenter
801 3019 914 3069 instituat
939 3032 960 3069 ct

111 3085 243 3123 examinet.

120 3145 167 3195 182
