2092 3450
282 161 371 226 Draus
388 163 413 216 ia
432 164 520 219 iiisuru
537 165 728 235 Nabiqantiuru.

124 325 257 372 Orationes
269 326 389 388 speciales
402 328 433 374 ‹le

211 392 339 439 llostihns.

90 515 205 568 US'l'US
228 532 254 567 es
277 523 301 566 et
315 523 411 581 potens,
434 514 486 566 Do·

105 581 174 630 mine
184 599 191 631 r
202 580 313 631 discerne
323 596 485 630 causamnos·

105 654 172 695 tram
182 652 268 694 contra
278 645 366 695 faciem
376 645 477 694 inimici.

90 709 178 759 Turris
194 725 220 759 es
236 710 392 770 fortitudinis,
406 709 481 769 Deus,

57 774 174 824 omnibus
189 773 222 822 ad
237 782 263 823 te
274 773 484 838 confugientibus:

57 837 128 887 salva
144 853 190 888 nos
209 853 225 888 a
240 837 358 888 violentia
373 837 484 888 inimico·

58 917 122 952 rum.

91 966 201 1016 Domine
223 967 382 1026 exercituum,
400 983 484 1043 pugna

58 1046 105 1094 pro
132 1031 212 1092 nobis,
241 1039 270 1081 ut
297 1040 322 1081 te
348 1031 484 1096 glorificare

58 1096 190 1160 possimus.

92 1159 136 1211 Ne
160 1159 226 1209 sinas
252 1175 299 1210 nos
326 1167 483 1225 peccatorum

58 1231 201 1274 nostrorum
214 1240 296 1285 onere,
310 1232 353 1275 aut
366 1224 484 1274 violentia

59 1287 253 1350 inimicorumo
271 1288 351 1354 primi.

92 1353 213 1417 Exsurge,
270 1353 361 1413 omine,
394 1353 485 1417 adjuva

58 1432 114 1476 nos,
141 1424 168 1466 et
193 1417 287 1467 redime
312 1432 359 1467 nos
385 1427 486 1482 propter

59 1482 161 1531 Nomen
171 1488 250 1531 tuum.

79 1643 170 1689 lirercs
183 1641 314 1690 Orationes
327 1644 357 1690 rie
370 1643 442 1690 'l'enr-

211 1716 312 1769 pestate.

114 1798 243 1862 OMINE,
278 1800 321 1867 qui
351 1801 485 1851 dominaris

158 1865 275 1929 potestati
289 1867 371 1926 maris,
386 1866 481 1925 exaudi,

60 1928 151 1977 exaudi
170 1944 223 1988 nos,
245 1937 270 1979 et
291 1930 359 1979 salva
381 1946 434 1991 nos,
452 1947 500 1979 ne*

59 2007 196 2054 pereamus.

92 2056 228 2107 Benedicte
244 2057 365 2118 Salvator,
383 2059 426 2123 qui
437 2058 485 2108 dis-

59 2119 157 2184 cipulos
166 2128 223 2172 tuos
237 2122 264 2172 in
278 2131 424 2187 tempestate
433 2123 486 2187 jam

59 2185 183 2248 perituros
193 2187 300 2248 salvasti,
314 2188 372 2236 audi
388 2203 441 2247 nos,
461 2195 486 2237 et

59 2248 130 2297 salva
140 2265 194 2310 nos,
207 2258 233 2300 te
243 2251 410 2316 deprecamur.

126 2313 205 2378 Kyrie
216 2315 315 2365 eleison.

127 2378 225 2429 Christe
235 2379 335 2430 eleison.

126 2442 205 2506 Kyrie
215 2443 314 2494 eleison.

126 2506 242 2568 Domine,
255 2509 344 2558 exaudi
352 2525 408 2560 nos.

127 2571 233 2631 Christe,
247 2574 399 2623 exaudinos.

516 323 593 366 tuum.
630 313 864 374 Fiatvoluntastua,
872 314 941 366 Sicut

517 381 542 430 in
563 380 635 442 coelo,
659 387 684 430 et
703 379 816 429 interra
848 380 941 429 Panem

516 453 628 494 nostrum
656 443 810 493 uotidianum
825 443 941 494 danobis

516 510 598 559 hodie.
653 507 942 558 tdimittenobisdebita

516 582 608 634 nostra,
622 573 692 624 Sicut
703 580 728 622 et
738 587 784 622 nos
795 572 942 622 dimittimus

516 638 669 687 debitoribus
679 636 774 686 nostris.
810 637 844 686 Et
854 652 885 685 ne
897 652 942 686 nos

516 702 618 752 inducas
626 703 652 752 in
660 702 821 751 tentationem
832 718 839 750 r
851 701 902 751 Sed
912 701 941 749 li·

515 765 730 816 beranosamalo.
754 765 897 828 Quiatuum
905 772 942 814 est

515 846 625 894 regnum,
639 829 758 894 potentia,
772 836 798 879 et
813 828 899 893 gloria,
912 829 941 878 In

515 895 604 945 saecula
615 894 766 944 saeculomm.
798 894 887 943 Amen.

516 1021 628 1069 Instante
647 1022 715 1082 gravi
737 1022 854 1082 periculo,
881 1038 937 1069 con-

548 1087 630 1134 vocari
664 1096 762 1148 oportet
805 1093 865 1149 irunt
905 1089 936 1134 arl

547 1167 648 1199 mititem
656 1151 754 1198 navalia
762 1168 807 1213 pro
820 1153 938 1214 temporis

547 1218 692 1264 necessitate
719 1217 861 1279 peragenda
887 1232 937 1264 non

547 1282 709 1344 reprimatur,
746 1289 770 1329 et
806 1282 937 1329 cenfessio-

546 1362 603 1393 nem
626 1354 785 1408 peccatoram
811 1346 938 1394 hruniliter

547 1412 578 1458 atl
602 1412 685 1458 Deum
709 1411 796 1460 facere.
834 1413 865 1458 ln
888 1428 936 1474 qua

546 1476 650 1538 quisque
666 1476 741 1524 (lebet
764 1492 847 1524 secum
865 1493 937 1539 repit·

546 1552 598 1588 tare
610 1542 727 1603 specialia
745 1558 774 1589 ca
786 1549 888 1604 peccata
905 1543 937 1590 tle

546 1607 734 1668 quibuscunque
752 1623 767 1653 a
787 1607 937 1653 cirrrscientia

546 1687 590 1718 sua
618 1680 766 1719 accusetur:
797 1672 937 1719 dicentibus

546 1736 661 1784 ‹rrnnibtts
670 1755 676 1791 ς

654 1885 789 1931 t'onsessio.

581 1994 793 2046 MNIPOTENS
806 1995 881 2056 Deus,
894 1997 940 2046 Pa·

608 2067 646 2109 ter
664 2059 768 2109 Domini
791 2062 868 2110 nostri
883 2063 942 2126 Jesu

518 2123 618 2183 Christi,
634 2125 756 2174 Conditor
765 2126 875 2174 omnium
893 2142 941 2175 rer-

516 2204 567 2248 um,
584 2189 702 2238 Omnium
715 2189 942 2254 hominumJudex3

518 2251 672 2302 Confitemur
681 2261 706 2303 et
714 2253 870 2318 deploramus
879 2255 942 2303 mul·

517 2317 939 2380 tipliciapeccataetdelictanostra,

518 2380 582 2442 Quae
592 2381 697 2431 subinde
707 2382 783 2445 impie
789 2382 940 2442 admisimus,

519 2445 682 2509 Cogitatione,
703 2447 787 2505 verbo,
810 2454 835 2495 et
857 2462 939 2510 opere,

518 2509 612 2558 Contra
640 2510 757 2560 Divinam
784 2510 941 2573 Majestatem

517 2580 593 2634 tuam,
601 2575 765 2624 Provocantes
774 2574 944 2624 adversusnos

92 2633 163 2685 Deus
174 2636 254 2696 Pater,
267 2637 336 2688 Deus
348 2639 405 2698 Fili,
418 2638 486 2689 Deus
514 2637 675 2701 justissimam
691 2642 753 2686 iram
770 2645 794 2686 et
810 2637 941 2702 indignati·

60 2698 483 2764 spiritmsaraemisererenobis,
518 2711 670 2753 onemtuam.
697 2703 767 2751 Serio
775 2717 820 2750 nos
828 2703 940 2767 poenitet,

59 2764 130 2813 salva
150 2780 204 2824 nos,
224 2781 290 2815 nunc
306 2774 331 2816 et
345 2783 390 2831 per
403 2768 487 2817 omnia

59 2828 152 2879 saecula
162 2829 314 2881 saeculorum.
349 2832 439 2882 Amen.

126 2952 225 3002 ATER
246 2962 337 3012 noster,
356 2954 398 3018 qui
415 2969 442 3004 es
460 2954 486 3003 in

159 3017 235 3078 coelis,
251 3017 421 3069 Sanctificetur
431 3019 458 3068 N
459 3035 485 3068 ο·

58 3096 118 3132 men
135 3087 212 3131 tuum.
249 3083 374 3134 Atlveniat
385 3099 487 3148 regnum

126 3157 174 3208 319

376 3241 397 3289 Ο

518 2767 552 2816 Et
571 2783 601 2816 ex
617 2769 701 2815 animo
720 2765 832 2815 dolemus
849 2768 882 2816 ob
898 2767 942 2816 has

518 2831 729 2894 praevaricationes
744 2837 856 2890 nostras;
875 2831 942 2893 Qua·

517 2894 939 2954 mmrecordationobisacerbaest,

518 2959 589 3008 Onus
615 2957 776 3009 intolerabile.
825 2960 943 3010 Miserere

517 3023 601 3083 nostri,
624 3023 742 3073 Miserere
763 3024 847 3083 nostri,
869 3025 943 3074 Pater

519 3087 669 3148 misericors;
709 3089 814 3154 Propter
851 3089 943 3138 Filium
