<?xml version="1.0" encoding="UTF-8"?>
<!DOCTYPE html PUBLIC "-//W3C//DTD XHTML 1.0 Transitional//EN"
    "http://www.w3.org/TR/xhtml1/DTD/xhtml1-transitional.dtd">
<html xmlns="http://www.w3.org/1999/xhtml" xml:lang="en" lang="en">
 <head>
  <title>
</title>
<meta http-equiv="Content-Type" content="text/html;charset=utf-8" />
  <meta name='ocr-system' content='tesseract 3.04.00' />
  <meta name='ocr-capabilities' content='ocr_page ocr_carea ocr_par ocr_line ocrx_word'/>
</head>
<body>
  <div class='ocr_page' id='page_1' title='image "./liberprecumpubl00briggoog_0360.png"; bbox 0 0 2092 3450; ppageno 0'>
   <div class='ocr_carea' id='block_1_1' title="bbox 219 177 748 257">
    <p class='ocr_par' dir='ltr' id='par_1_1' title="bbox 219 177 748 257">
     <span class='ocr_line' id='line_1_1' title="bbox 219 177 748 257; baseline -0.009 -23"><span class='ocrx_word' id='word_1_1' title='bbox 219 177 328 243; x_wconf 63' lang='lat' dir='ltr'>{issimi</span> <span class='ocrx_word' id='word_1_2' title='bbox 584 184 629 231; x_wconf 70' lang='lat' dir='ltr'>‚td</span> <span class='ocrx_word' id='word_1_3' title='bbox 643 184 707 246; x_wconf 74' lang='lat' dir='ltr'>Vesp.</span> <span class='ocrx_word' id='word_1_4' title='bbox 746 252 748 257; x_wconf 68' lang='lat'>,</span> 
     </span>
    </p>
   </div>
   <div class='ocr_carea' id='block_1_2' title="bbox 60 322 707 763">
    <p class='ocr_par' dir='ltr' id='par_1_2' title="bbox 60 322 706 570">
     <span class='ocr_line' id='line_1_2' title="bbox 63 322 705 390; baseline -0.009 -13"><span class='ocrx_word' id='word_1_5' title='bbox 63 327 173 377; x_wconf 86' lang='lat' dir='ltr'>Domine</span> <span class='ocrx_word' id='word_1_6' title='bbox 197 345 204 376; x_wconf 73' lang='grc' dir='ltr'><strong><em>ε</em></strong></span> <span class='ocrx_word' id='word_1_7' title='bbox 226 334 251 375; x_wconf 91' lang='lat' dir='ltr'>et</span> <span class='ocrx_word' id='word_1_8' title='bbox 283 331 386 390; x_wconf 84' lang='lat' dir='ltr'>quentes</span> <span class='ocrx_word' id='word_1_9' title='bbox 402 340 443 373; x_wconf 88' lang='lat' dir='ltr'>me</span> <span class='ocrx_word' id='word_1_10' title='bbox 460 322 603 389; x_wconf 87' lang='lat' dir='ltr'>iniquitati:</span> <span class='ocrx_word' id='word_1_11' title='bbox 619 322 705 387; x_wconf 79' lang='lat' dir='ltr'>alege</span> 
     </span>
     <span class='ocr_line' id='line_1_3' title="bbox 60 388 645 452; baseline -0.009 -11"><span class='ocrx_word' id='word_1_12' title='bbox 60 392 125 442; x_wconf 90' lang='lat' dir='ltr'>cium</span> <span class='ocrx_word' id='word_1_13' title='bbox 136 403 213 441; x_wconf 84' lang='lat' dir='ltr'>tuum.</span> <span class='ocrx_word' id='word_1_14' title='bbox 282 397 365 440; x_wconf 86' lang='lat' dir='ltr'>autern</span> <span class='ocrx_word' id='word_1_15' title='bbox 376 396 418 438; x_wconf 80' lang='lat' dir='ltr'>tun</span> <span class='ocrx_word' id='word_1_16' title='bbox 429 388 503 452; x_wconf 85' lang='lat' dir='ltr'>longe</span> <span class='ocrx_word' id='word_1_17' title='bbox 513 388 572 438; x_wconf 81' lang='lat' dir='ltr'>facti</span> <span class='ocrx_word' id='word_1_18' title='bbox 582 397 645 436; x_wconf 87' lang='lat' dir='ltr'>snut.</span> 
     </span>
     <span class='ocr_line' id='line_1_4' title="bbox 72 453 706 520; baseline -0.008 -15"><span class='ocrx_word' id='word_1_19' title='bbox 72 456 192 520; x_wconf 86' lang='lat' dir='ltr'>justitiam</span> <span class='ocrx_word' id='word_1_20' title='bbox 204 463 250 504; x_wconf 89' lang='lat' dir='ltr'>tes·</span> <span class='ocrx_word' id='word_1_21' title='bbox 316 456 397 518; x_wconf 90' lang='lat' dir='ltr'>Prope</span> <span class='ocrx_word' id='word_1_22' title='bbox 418 469 444 503; x_wconf 90' lang='lat' dir='ltr'>es</span> <span class='ocrx_word' id='word_1_23' title='bbox 464 459 498 512; x_wconf 86' lang='lat' dir='ltr'>tn,</span> <span class='ocrx_word' id='word_1_24' title='bbox 520 453 629 502; x_wconf 90' lang='lat' dir='ltr'>Domine</span> <span class='ocrx_word' id='word_1_25' title='bbox 652 470 658 500; x_wconf 95' lang='lat'><strong>:</strong></span> <span class='ocrx_word' id='word_1_26' title='bbox 681 461 706 501; x_wconf 88' lang='lat' dir='ltr'>et</span> 
     </span>
     <span class='ocr_line' id='line_1_5' title="bbox 61 517 592 570; baseline -0.009 0"><span class='ocrx_word' id='word_1_27' title='bbox 61 522 172 570; x_wconf 81' lang='lat' dir='ltr'><strong>critatem</strong></span> <span class='ocrx_word' id='word_1_28' title='bbox 183 528 251 569; x_wconf 82' lang='lat' dir='ltr'>tuam</span> <span class='ocrx_word' id='word_1_29' title='bbox 283 533 368 567; x_wconf 79' lang='lat' dir='ltr'>omnes</span> <span class='ocrx_word' id='word_1_30' title='bbox 379 518 426 567; x_wconf 85' lang='lat' dir='ltr'>vire</span> <span class='ocrx_word' id='word_1_31' title='bbox 437 525 486 566; x_wconf 88' lang='lat' dir='ltr'>tuae</span> <span class='ocrx_word' id='word_1_32' title='bbox 496 517 592 566; x_wconf 82' lang='lat' dir='ltr'>veritas.</span> 
     </span>
    </p>

    <p class='ocr_par' dir='ltr' id='par_1_3' title="bbox 60 579 707 763">
     <span class='ocr_line' id='line_1_6' title="bbox 315 579 705 645; baseline -0.005 -14"><span class='ocrx_word' id='word_1_33' title='bbox 315 583 392 631; x_wconf 91' lang='lat' dir='ltr'>Initio</span> <span class='ocrx_word' id='word_1_34' title='bbox 403 582 508 645; x_wconf 86' lang='lat' dir='ltr'>cognovi</span> <span class='ocrx_word' id='word_1_35' title='bbox 516 581 548 630; x_wconf 88' lang='lat' dir='ltr'>de</span> <span class='ocrx_word' id='word_1_36' title='bbox 559 579 705 637; x_wconf 83' lang='lat' dir='ltr'>testimoniis</span> 
     </span>
     <span class='ocr_line' id='line_1_7' title="bbox 60 644 707 711; baseline -0.005 -15"><span class='ocrx_word' id='word_1_37' title='bbox 60 669 63 696; x_wconf 70' lang='grc' dir='ltr'>ι</span> <span class='ocrx_word' id='word_1_38' title='bbox 96 649 153 698; x_wconf 82' lang='lat' dir='ltr'>fecit</span> <span class='ocrx_word' id='word_1_39' title='bbox 186 648 251 697; x_wconf 88' lang='lat' dir='ltr'>zelus</span> <span class='ocrx_word' id='word_1_40' title='bbox 282 647 418 711; x_wconf 75' lang='lat' dir='ltr'>tuiszquia</span> <span class='ocrx_word' id='word_1_41' title='bbox 428 646 455 695; x_wconf 90' lang='lat' dir='ltr'>in</span> <span class='ocrx_word' id='word_1_42' title='bbox 466 653 584 695; x_wconf 88' lang='lat' dir='ltr'>aeternum</span> <span class='ocrx_word' id='word_1_43' title='bbox 599 644 707 694; x_wconf 78' lang='lat' dir='ltr'>fundasti</span> 
     </span>
     <span class='ocr_line' id='line_1_8' title="bbox 60 713 319 763; baseline -0.008 -1"><span class='ocrx_word' id='word_1_44' title='bbox 60 714 84 763; x_wconf 86' lang='lat' dir='ltr'>iti</span> <span class='ocrx_word' id='word_1_45' title='bbox 103 721 160 762; x_wconf 89' lang='lat' dir='ltr'>sunt</span> <span class='ocrx_word' id='word_1_46' title='bbox 176 713 252 762; x_wconf 84' lang='lat' dir='ltr'>verba</span> <span class='ocrx_word' id='word_1_47' title='bbox 282 727 319 761; x_wconf 64' lang='lat' dir='ltr'>ea,</span> 
     </span>
    </p>
   </div>
   <div class='ocr_carea' id='block_1_3' title="bbox 60 842 704 955">
    <p class='ocr_par' dir='ltr' id='par_1_4' title="bbox 60 842 704 955">
     <span class='ocr_line' id='line_1_9' title="bbox 60 842 251 890; baseline -0.005 0"><span class='ocrx_word' id='word_1_48' title='bbox 60 842 111 890; x_wconf 90' lang='lat' dir='ltr'>ium</span> <span class='ocrx_word' id='word_1_49' title='bbox 126 848 196 890; x_wconf 91' lang='lat' dir='ltr'>tuum</span> <span class='ocrx_word' id='word_1_50' title='bbox 210 856 251 889; x_wconf 85' lang='lat' dir='ltr'>ve·</span> 
     </span>
     <span class='ocr_line' id='line_1_10' title="bbox 60 897 704 955; baseline -0.016 0"><span class='ocrx_word' id='word_1_51' title='bbox 60 922 122 955; x_wconf 68' lang='lat' dir='ltr'>ervus</span> <span class='ocrx_word' id='word_1_52' title='bbox 142 915 198 955; x_wconf 88' lang='lat' dir='ltr'>tuns</span> <span class='ocrx_word' id='word_1_53' title='bbox 214 906 251 954; x_wconf 91' lang='lat' dir='ltr'>di·</span> <span class='ocrx_word' id='word_1_54' title='bbox 348 897 412 947; x_wconf 87' lang='lat' dir='ltr'>IDE</span> <span class='ocrx_word' id='word_1_55' title='bbox 433 897 597 946; x_wconf 84' lang='lat' dir='ltr'>humilitatem</span> <span class='ocrx_word' id='word_1_56' title='bbox 615 912 704 955; x_wconf 83' lang='lat' dir='ltr'>meam,</span> 
     </span>
    </p>
   </div>
   <div class='ocr_carea' id='block_1_4' title="bbox 57 960 716 3144">
    <p class='ocr_par' dir='ltr' id='par_1_5' title="bbox 59 960 709 1476">
     <span class='ocr_line' id='line_1_11' title="bbox 379 960 707 1026; baseline -0.006 -15"><span class='ocrx_word' id='word_1_57' title='bbox 379 969 404 1011; x_wconf 90' lang='lat' dir='ltr'>et</span> <span class='ocrx_word' id='word_1_58' title='bbox 415 962 482 1026; x_wconf 88' lang='lat' dir='ltr'>eripe</span> <span class='ocrx_word' id='word_1_59' title='bbox 490 977 531 1010; x_wconf 90' lang='lat' dir='ltr'>me</span> <span class='ocrx_word' id='word_1_60' title='bbox 543 979 549 1011; x_wconf 92' lang='lat'><strong>:</strong></span> <span class='ocrx_word' id='word_1_61' title='bbox 560 961 619 1025; x_wconf 84' lang='lat' dir='ltr'>quia</span> <span class='ocrx_word' id='word_1_62' title='bbox 627 960 707 1025; x_wconf 85' lang='lat' dir='ltr'>legem</span> 
     </span>
     <span class='ocr_line' id='line_1_12' title="bbox 60 1026 588 1097; baseline -0.019 -13"><span class='ocrx_word' id='word_1_63' title='bbox 60 1052 66 1084; x_wconf 70' lang='lat' dir='ltr'>r</span> <span class='ocrx_word' id='word_1_64' title='bbox 84 1049 138 1083; x_wconf 91' lang='lat' dir='ltr'>sum</span> <span class='ocrx_word' id='word_1_65' title='bbox 156 1049 210 1097; x_wconf 85' lang='lat' dir='ltr'>ego,</span> <span class='ocrx_word' id='word_1_66' title='bbox 227 1039 252 1082; x_wconf 89' lang='lat' dir='ltr'>et</span> <span class='ocrx_word' id='word_1_67' title='bbox 283 1036 351 1077; x_wconf 84' lang='lat' dir='ltr'>tuam</span> <span class='ocrx_word' id='word_1_68' title='bbox 362 1042 414 1075; x_wconf 87' lang='lat' dir='ltr'>non</span> <span class='ocrx_word' id='word_1_69' title='bbox 424 1042 478 1075; x_wconf 88' lang='lat' dir='ltr'>sum</span> <span class='ocrx_word' id='word_1_70' title='bbox 490 1026 588 1075; x_wconf 88' lang='lat' dir='ltr'>oblitus.</span> 
     </span>
     <span class='ocr_line' id='line_1_13' title="bbox 65 1090 708 1162; baseline -0.017 -14"><span class='ocrx_word' id='word_1_71' title='bbox 65 1098 252 1162; x_wconf 84' lang='lat' dir='ltr'>justificationes</span> <span class='ocrx_word' id='word_1_72' title='bbox 314 1090 412 1154; x_wconf 87' lang='lat' dir='ltr'>Judicia</span> <span class='ocrx_word' id='word_1_73' title='bbox 431 1090 552 1154; x_wconf 86' lang='lat' dir='ltr'>judicium</span> <span class='ocrx_word' id='word_1_74' title='bbox 571 1105 661 1146; x_wconf 77' lang='lat' dir='ltr'>meum.</span> <span class='ocrx_word' id='word_1_75' title='bbox 683 1099 708 1137; x_wconf 91' lang='lat' dir='ltr'>et</span> 
     </span>
     <span class='ocr_line' id='line_1_14' title="bbox 59 1154 708 1219; baseline -0.014 -8"><span class='ocrx_word' id='word_1_76' title='bbox 59 1163 120 1212; x_wconf 88' lang='lat' dir='ltr'>litus.</span> <span class='ocrx_word' id='word_1_77' title='bbox 284 1155 376 1204; x_wconf 87' lang='lat' dir='ltr'>redime</span> <span class='ocrx_word' id='word_1_78' title='bbox 387 1170 428 1204; x_wconf 88' lang='lat' dir='ltr'>me</span> <span class='ocrx_word' id='word_1_79' title='bbox 442 1172 449 1204; x_wconf 73' lang='lat' dir='ltr'>z</span> <span class='ocrx_word' id='word_1_80' title='bbox 465 1162 567 1219; x_wconf 85' lang='lat' dir='ltr'>propter</span> <span class='ocrx_word' id='word_1_81' title='bbox 583 1154 708 1219; x_wconf 85' lang='lat' dir='ltr'>eloquium</span> 
     </span>
     <span class='ocr_line' id='line_1_15' title="bbox 59 1218 520 1276; baseline -0.02 0"><span class='ocrx_word' id='word_1_82' title='bbox 59 1227 125 1276; x_wconf 87' lang='lat' dir='ltr'>stitia</span> <span class='ocrx_word' id='word_1_83' title='bbox 141 1227 167 1276; x_wconf 91' lang='lat' dir='ltr'>in</span> <span class='ocrx_word' id='word_1_84' title='bbox 183 1233 251 1274; x_wconf 83' lang='lat' dir='ltr'>aeter-</span> <span class='ocrx_word' id='word_1_85' title='bbox 284 1228 354 1268; x_wconf 88' lang='lat' dir='ltr'>tuum</span> <span class='ocrx_word' id='word_1_86' title='bbox 365 1218 463 1268; x_wconf 84' lang='lat' dir='ltr'>vivifica</span> <span class='ocrx_word' id='word_1_87' title='bbox 473 1234 520 1267; x_wconf 90' lang='lat' dir='ltr'>me.</span> 
     </span>
     <span class='ocr_line' id='line_1_16' title="bbox 60 1281 708 1347; baseline -0.005 -14"><span class='ocrx_word' id='word_1_88' title='bbox 60 1294 157 1340; x_wconf 76' lang='lat' dir='ltr'>veritas,</span> <span class='ocrx_word' id='word_1_89' title='bbox 317 1284 404 1346; x_wconf 86' lang='lat' dir='ltr'>Longe</span> <span class='ocrx_word' id='word_1_90' title='bbox 415 1298 431 1331; x_wconf 84' lang='lat' dir='ltr'>a</span> <span class='ocrx_word' id='word_1_91' title='bbox 441 1283 611 1347; x_wconf 87' lang='lat' dir='ltr'>peccatoribus</span> <span class='ocrx_word' id='word_1_92' title='bbox 621 1281 708 1331; x_wconf 82' lang='lat' dir='ltr'>salus:</span> 
     </span>
     <span class='ocr_line' id='line_1_17' title="bbox 59 1347 709 1418; baseline -0.017 -13"><span class='ocrx_word' id='word_1_93' title='bbox 59 1355 170 1418; x_wconf 83' lang='lat' dir='ltr'>angustia</span> <span class='ocrx_word' id='word_1_94' title='bbox 186 1357 252 1403; x_wconf 88' lang='lat' dir='ltr'>inve·</span> <span class='ocrx_word' id='word_1_95' title='bbox 284 1348 343 1412; x_wconf 86' lang='lat' dir='ltr'>quia</span> <span class='ocrx_word' id='word_1_96' title='bbox 366 1347 553 1410; x_wconf 84' lang='lat' dir='ltr'>justificationes</span> <span class='ocrx_word' id='word_1_97' title='bbox 580 1353 634 1396; x_wconf 86' lang='lat' dir='ltr'>tuas</span> <span class='ocrx_word' id='word_1_98' title='bbox 658 1362 709 1395; x_wconf 88' lang='lat' dir='ltr'>non</span> 
     </span>
     <span class='ocr_line' id='line_1_18' title="bbox 59 1412 457 1476; baseline 0.008 -18"><span class='ocrx_word' id='word_1_99' title='bbox 59 1420 127 1468; x_wconf 61' lang='lat' dir='ltr'>mata</span> <span class='ocrx_word' id='word_1_100' title='bbox 143 1427 187 1468; x_wconf 72' lang='lat' dir='ltr'>tua</span> <span class='ocrx_word' id='word_1_101' title='bbox 202 1434 253 1467; x_wconf 63' lang='lat' dir='ltr'>me.</span> <span class='ocrx_word' id='word_1_102' title='bbox 285 1412 457 1476; x_wconf 85' lang='lat' dir='ltr'>exquisierunt.</span> 
     </span>
    </p>

    <p class='ocr_par' dir='ltr' id='par_1_6' title="bbox 317 1474 708 1534">
     <span class='ocr_line' id='line_1_19' title="bbox 317 1474 708 1534; baseline -0.005 -9"><span class='ocrx_word' id='word_1_103' title='bbox 317 1474 708 1534; x_wconf 82' lang='lat' dir='ltr'>Misericordiaetuaemultae,Do·</span> 
     </span>
    </p>

    <p class='ocr_par' dir='ltr' id='par_1_7' title="bbox 59 1539 710 1672">
     <span class='ocr_line' id='line_1_20' title="bbox 59 1539 710 1603; baseline -0.005 -13"><span class='ocrx_word' id='word_1_104' title='bbox 59 1548 141 1596; x_wconf 79' lang='lat' dir='ltr'>monia</span> <span class='ocrx_word' id='word_1_105' title='bbox 164 1553 206 1595; x_wconf 80' lang='lat' dir='ltr'>tua</span> <span class='ocrx_word' id='word_1_106' title='bbox 228 1548 254 1596; x_wconf 82' lang='lat' dir='ltr'>in</span> <span class='ocrx_word' id='word_1_107' title='bbox 285 1539 710 1603; x_wconf 76' lang='lat' dir='ltr'>minezsecundumjudiciumtuum</span> 
     </span>
     <span class='ocr_line' id='line_1_21' title="bbox 59 1604 440 1672; baseline -0.008 -17"><span class='ocrx_word' id='word_1_108' title='bbox 59 1619 129 1661; x_wconf 72' lang='lat' dir='ltr'>:ctum</span> <span class='ocrx_word' id='word_1_109' title='bbox 139 1612 173 1660; x_wconf 84' lang='lat' dir='ltr'>da</span> <span class='ocrx_word' id='word_1_110' title='bbox 183 1611 252 1672; x_wconf 80' lang='lat' dir='ltr'>mihi,</span> <span class='ocrx_word' id='word_1_111' title='bbox 286 1604 440 1654; x_wconf 77' lang='lat' dir='ltr'>vivificame„</span> 
     </span>
    </p>

    <p class='ocr_par' dir='ltr' id='par_1_8' title="bbox 287 1669 711 1847">
     <span class='ocr_line' id='line_1_22' title="bbox 319 1669 707 1732; baseline -0.003 -16"><span class='ocrx_word' id='word_1_112' title='bbox 319 1669 395 1717; x_wconf 90' lang='lat' dir='ltr'>Multi</span> <span class='ocrx_word' id='word_1_113' title='bbox 411 1669 454 1732; x_wconf 89' lang='lat' dir='ltr'>qni</span> <span class='ocrx_word' id='word_1_114' title='bbox 469 1674 648 1732; x_wconf 82' lang='lat' dir='ltr'>persequuntur</span> <span class='ocrx_word' id='word_1_115' title='bbox 658 1682 707 1725; x_wconf 88' lang='lat' dir='ltr'>me,</span> 
     </span>
     <span class='ocr_line' id='line_1_23' title="bbox 287 1731 711 1782; baseline -0.007 0"><span class='ocrx_word' id='word_1_116' title='bbox 287 1740 312 1782; x_wconf 90' lang='lat' dir='ltr'>et</span> <span class='ocrx_word' id='word_1_117' title='bbox 323 1732 440 1782; x_wconf 88' lang='lat' dir='ltr'>tribulant</span> <span class='ocrx_word' id='word_1_118' title='bbox 456 1748 518 1782; x_wconf 83' lang='lat' dir='ltr'>me:</span> <span class='ocrx_word' id='word_1_119' title='bbox 533 1747 549 1780; x_wconf 82' lang='lat' dir='ltr'>a</span> <span class='ocrx_word' id='word_1_120' title='bbox 565 1731 711 1782; x_wconf 86' lang='lat' dir='ltr'>testimoniis</span> 
     </span>
     <span class='ocr_line' id='line_1_24' title="bbox 288 1797 537 1847; baseline -0.004 0"><span class='ocrx_word' id='word_1_121' title='bbox 288 1798 336 1847; x_wconf 85' lang='lat' dir='ltr'>tuis</span> <span class='ocrx_word' id='word_1_122' title='bbox 347 1812 399 1845; x_wconf 92' lang='lat' dir='ltr'>non</span> <span class='ocrx_word' id='word_1_123' title='bbox 409 1797 537 1846; x_wconf 78' lang='lat' dir='ltr'>declinavi.</span> 
     </span>
    </p>

    <p class='ocr_par' dir='ltr' id='par_1_9' title="bbox 57 1855 714 2757">
     <span class='ocr_line' id='line_1_25' title="bbox 59 1855 711 1926; baseline -0.006 -15"><span class='ocrx_word' id='word_1_124' title='bbox 59 1855 238 1922; x_wconf 49' lang='lat' dir='ltr'>diffracta&amp;</span> <span class='ocrx_word' id='word_1_125' title='bbox 320 1861 380 1910; x_wconf 91' lang='lat' dir='ltr'>Vidi</span> <span class='ocrx_word' id='word_1_126' title='bbox 407 1861 601 1926; x_wconf 85' lang='lat' dir='ltr'>praevaricantes‚</span> <span class='ocrx_word' id='word_1_127' title='bbox 624 1867 649 1909; x_wconf 90' lang='lat' dir='ltr'>et</span> <span class='ocrx_word' id='word_1_128' title='bbox 675 1867 711 1908; x_wconf 80' lang='lat' dir='ltr'>tn·</span> 
     </span>
     <span class='ocr_line' id='line_1_26' title="bbox 287 1924 713 1990; baseline -0.007 -15"><span class='ocrx_word' id='word_1_129' title='bbox 287 1926 417 1975; x_wconf 82' lang='lat' dir='ltr'>bescebam</span> <span class='ocrx_word' id='word_1_130' title='bbox 427 1925 499 1990; x_wconf 76' lang='lat' dir='ltr'>zquia</span> <span class='ocrx_word' id='word_1_131' title='bbox 506 1924 603 1988; x_wconf 77' lang='lat' dir='ltr'>eloquin</span> <span class='ocrx_word' id='word_1_132' title='bbox 611 1933 653 1974; x_wconf 80' lang='lat' dir='ltr'>tun</span> <span class='ocrx_word' id='word_1_133' title='bbox 662 1939 713 1972; x_wconf 90' lang='lat' dir='ltr'>non</span> 
     </span>
     <span class='ocr_line' id='line_1_27' title="bbox 59 1985 461 2040; baseline -0.007 -5"><span class='ocrx_word' id='word_1_134' title='bbox 59 1987 85 2035; x_wconf 77' lang='lat' dir='ltr'>in</span> <span class='ocrx_word' id='word_1_135' title='bbox 107 1994 161 2036; x_wconf 84' lang='lat' dir='ltr'>toto</span> <span class='ocrx_word' id='word_1_136' title='bbox 182 1985 257 2034; x_wconf 84' lang='lat' dir='ltr'>corde</span> <span class='ocrx_word' id='word_1_137' title='bbox 287 1990 461 2040; x_wconf 81' lang='lat' dir='ltr'>custodierunt.</span> 
     </span>
     <span class='ocr_line' id='line_1_28' title="bbox 58 2050 713 2124; baseline 0.002 -25"><span class='ocrx_word' id='word_1_138' title='bbox 58 2051 101 2099; x_wconf 90' lang='lat' dir='ltr'>udi</span> <span class='ocrx_word' id='word_1_139' title='bbox 109 2066 157 2111; x_wconf 88' lang='lat' dir='ltr'>me,</span> <span class='ocrx_word' id='word_1_140' title='bbox 169 2050 256 2124; x_wconf 75' lang='lat' dir='ltr'>Domi·</span> <span class='ocrx_word' id='word_1_141' title='bbox 320 2054 386 2103; x_wconf 84' lang='lat' dir='ltr'>Vide</span> <span class='ocrx_word' id='word_1_142' title='bbox 402 2053 519 2118; x_wconf 86' lang='lat' dir='ltr'>quoniam</span> <span class='ocrx_word' id='word_1_143' title='bbox 536 2053 654 2102; x_wconf 84' lang='lat' dir='ltr'>mandata</span> <span class='ocrx_word' id='word_1_144' title='bbox 670 2060 713 2101; x_wconf 89' lang='lat' dir='ltr'>tua</span> 
     </span>
     <span class='ocr_line' id='line_1_29' title="bbox 60 2117 713 2178; baseline 0.002 -14"><span class='ocrx_word' id='word_1_145' title='bbox 60 2131 86 2164; x_wconf 90' lang='lat' dir='ltr'>es</span> <span class='ocrx_word' id='word_1_146' title='bbox 103 2123 158 2164; x_wconf 87' lang='lat' dir='ltr'>tuas</span> <span class='ocrx_word' id='word_1_147' title='bbox 177 2130 256 2178; x_wconf 80' lang='lat' dir='ltr'>requi·</span> <span class='ocrx_word' id='word_1_148' title='bbox 287 2119 370 2178; x_wconf 87' lang='lat' dir='ltr'>dilexi,</span> <span class='ocrx_word' id='word_1_149' title='bbox 381 2118 489 2166; x_wconf 89' lang='lat' dir='ltr'>Domine</span> <span class='ocrx_word' id='word_1_150' title='bbox 500 2117 713 2166; x_wconf 84' lang='lat' dir='ltr'>:inmisericordia</span> 
     </span>
     <span class='ocr_line' id='line_1_30' title="bbox 288 2181 495 2232; baseline -0.005 0"><span class='ocrx_word' id='word_1_151' title='bbox 288 2191 330 2232; x_wconf 83' lang='lat' dir='ltr'>tua</span> <span class='ocrx_word' id='word_1_152' title='bbox 340 2181 438 2232; x_wconf 76' lang='lat' dir='ltr'>vivifiea</span> <span class='ocrx_word' id='word_1_153' title='bbox 448 2198 495 2231; x_wconf 80' lang='lat' dir='ltr'>me</span> 
     </span>
     <span class='ocr_line' id='line_1_31' title="bbox 58 2242 713 2310; baseline -0.006 -12"><span class='ocrx_word' id='word_1_154' title='bbox 58 2259 85 2305; x_wconf 72' lang='lat'>23</span> <span class='ocrx_word' id='word_1_155' title='bbox 105 2242 201 2292; x_wconf 80' lang='lat' dir='ltr'>salvum</span> <span class='ocrx_word' id='word_1_156' title='bbox 217 2257 257 2290; x_wconf 86' lang='lat' dir='ltr'>me</span> <span class='ocrx_word' id='word_1_157' title='bbox 320 2247 472 2310; x_wconf 87' lang='lat' dir='ltr'>Principium</span> <span class='ocrx_word' id='word_1_158' title='bbox 478 2246 609 2295; x_wconf 86' lang='lat' dir='ltr'>verborum</span> <span class='ocrx_word' id='word_1_159' title='bbox 615 2252 713 2295; x_wconf 82' lang='lat' dir='ltr'>tuorum</span> 
     </span>
     <span class='ocr_line' id='line_1_32' title="bbox 58 2307 713 2374; baseline 0.003 -18"><span class='ocrx_word' id='word_1_160' title='bbox 58 2308 113 2356; x_wconf 80' lang='lat' dir='ltr'>iam</span> <span class='ocrx_word' id='word_1_161' title='bbox 139 2307 257 2356; x_wconf 80' lang='lat' dir='ltr'>mandata</span> <span class='ocrx_word' id='word_1_162' title='bbox 287 2311 377 2361; x_wconf 81' lang='lat' dir='ltr'>veritas</span> <span class='ocrx_word' id='word_1_163' title='bbox 392 2311 436 2360; x_wconf 88' lang='lat' dir='ltr'>:in</span> <span class='ocrx_word' id='word_1_164' title='bbox 447 2318 566 2360; x_wconf 85' lang='lat' dir='ltr'>aeternurn</span> <span class='ocrx_word' id='word_1_165' title='bbox 577 2311 662 2359; x_wconf 83' lang='lat' dir='ltr'>omnia</span> <span class='ocrx_word' id='word_1_166' title='bbox 674 2309 713 2374; x_wconf 92' lang='lat' dir='ltr'>ju·</span> 
     </span>
     <span class='ocr_line' id='line_1_33' title="bbox 140 2375 532 2446; baseline -0.008 -19"><span class='ocrx_word' id='word_1_167' title='bbox 140 2436 145 2446; x_wconf 38' lang='grc' dir='ltr'>Ι</span> <span class='ocrx_word' id='word_1_168' title='bbox 288 2376 354 2426; x_wconf 84' lang='lat' dir='ltr'>dicia</span> <span class='ocrx_word' id='word_1_169' title='bbox 362 2375 465 2439; x_wconf 86' lang='lat' dir='ltr'>justitiae</span> <span class='ocrx_word' id='word_1_170' title='bbox 476 2383 532 2424; x_wconf 83' lang='lat' dir='ltr'>tuae.</span> 
     </span>
     <span class='ocr_line' id='line_1_34' title="bbox 57 2441 258 2495; baseline -0.005 -10"><span class='ocrx_word' id='word_1_171' title='bbox 57 2443 207 2495; x_wconf 81' lang='lat' dir='ltr'>maturitate,</span> <span class='ocrx_word' id='word_1_172' title='bbox 233 2441 258 2484; x_wconf 87' lang='lat' dir='ltr'>et</span> 
     </span>
     <span class='ocr_line' id='line_1_35' title="bbox 70 2501 259 2549; baseline -0.005 -1"><span class='ocrx_word' id='word_1_173' title='bbox 70 2501 96 2549; x_wconf 91' lang='lat' dir='ltr'>in</span> <span class='ocrx_word' id='word_1_174' title='bbox 118 2501 194 2549; x_wconf 87' lang='lat' dir='ltr'>verba</span> <span class='ocrx_word' id='word_1_175' title='bbox 215 2507 259 2548; x_wconf 88' lang='lat' dir='ltr'>tua</span> 
     </span>
     <span class='ocr_line' id='line_1_36' title="bbox 291 2560 713 2685; baseline -0.007 -74"><span class='ocrx_word' id='word_1_176' title='bbox 291 2560 713 2685; x_wconf 84' lang='lat' dir='ltr'>PRINCIPESpersecutisunt</span> 
     </span>
     <span class='ocr_line' id='line_1_37' title="bbox 58 2626 714 2691; baseline -0.008 -13"><span class='ocrx_word' id='word_1_177' title='bbox 58 2628 219 2678; x_wconf 72' lang='lat' dir='ltr'>mulimeiad</span> <span class='ocrx_word' id='word_1_178' title='bbox 234 2635 259 2677; x_wconf 93' lang='lat' dir='ltr'>te</span> <span class='ocrx_word' id='word_1_179' title='bbox 381 2643 423 2677; x_wconf 89' lang='lat' dir='ltr'>me</span> <span class='ocrx_word' id='word_1_180' title='bbox 439 2627 516 2691; x_wconf 85' lang='lat' dir='ltr'>gratis</span> <span class='ocrx_word' id='word_1_181' title='bbox 536 2645 542 2676; x_wconf 73' lang='grc' dir='ltr'><strong>ι</strong></span> <span class='ocrx_word' id='word_1_182' title='bbox 559 2634 584 2675; x_wconf 90' lang='lat' dir='ltr'>et</span> <span class='ocrx_word' id='word_1_183' title='bbox 601 2642 616 2674; x_wconf 90' lang='lat' dir='ltr'>a</span> <span class='ocrx_word' id='word_1_184' title='bbox 632 2626 714 2674; x_wconf 89' lang='lat' dir='ltr'>verbis</span> 
     </span>
     <span class='ocr_line' id='line_1_38' title="bbox 58 2691 646 2757; baseline -0.005 -15"><span class='ocrx_word' id='word_1_185' title='bbox 58 2694 134 2742; x_wconf 82' lang='lat' dir='ltr'>itarer</span> <span class='ocrx_word' id='word_1_186' title='bbox 160 2693 260 2757; x_wconf 81' lang='lat' dir='ltr'>eloquia</span> <span class='ocrx_word' id='word_1_187' title='bbox 291 2691 339 2740; x_wconf 86' lang='lat' dir='ltr'>tuis</span> <span class='ocrx_word' id='word_1_188' title='bbox 350 2691 492 2741; x_wconf 79' lang='lat' dir='ltr'>formidavit</span> <span class='ocrx_word' id='word_1_189' title='bbox 503 2707 546 2740; x_wconf 89' lang='lat' dir='ltr'>cor</span> <span class='ocrx_word' id='word_1_190' title='bbox 556 2705 646 2740; x_wconf 84' lang='lat' dir='ltr'>meum.</span> 
     </span>
    </p>

    <p class='ocr_par' dir='ltr' id='par_1_10' title="bbox 323 2753 715 2819">
     <span class='ocr_line' id='line_1_39' title="bbox 323 2753 715 2819; baseline -0.008 -14"><span class='ocrx_word' id='word_1_191' title='bbox 323 2755 439 2805; x_wconf 83' lang='lat' dir='ltr'>Laetabor</span> <span class='ocrx_word' id='word_1_192' title='bbox 459 2771 506 2818; x_wconf 84' lang='lat' dir='ltr'>ego</span> <span class='ocrx_word' id='word_1_193' title='bbox 527 2770 601 2819; x_wconf 89' lang='lat' dir='ltr'>snper</span> <span class='ocrx_word' id='word_1_194' title='bbox 617 2753 715 2817; x_wconf 83' lang='lat' dir='ltr'>eloquia</span> 
     </span>
    </p>

    <p class='ocr_par' dir='ltr' id='par_1_11' title="bbox 60 2817 716 2884">
     <span class='ocr_line' id='line_1_40' title="bbox 60 2817 716 2884; baseline -0.006 -14"><span class='ocrx_word' id='word_1_195' title='bbox 60 2821 260 2871; x_wconf 83' lang='lat' dir='ltr'>audisecundnm</span> <span class='ocrx_word' id='word_1_196' title='bbox 291 2829 334 2869; x_wconf 81' lang='lat' dir='ltr'>tua</span> <span class='ocrx_word' id='word_1_197' title='bbox 356 2838 362 2870; x_wconf 92' lang='lat'><strong>:</strong></span> <span class='ocrx_word' id='word_1_198' title='bbox 382 2821 445 2870; x_wconf 86' lang='lat' dir='ltr'>sicut</span> <span class='ocrx_word' id='word_1_199' title='bbox 464 2820 507 2884; x_wconf 87' lang='lat' dir='ltr'>qni</span> <span class='ocrx_word' id='word_1_200' title='bbox 524 2819 618 2868; x_wconf 86' lang='lat' dir='ltr'>invenit</span> <span class='ocrx_word' id='word_1_201' title='bbox 636 2817 716 2882; x_wconf 78' lang='lat' dir='ltr'>spolia</span> 
     </span>
    </p>

    <p class='ocr_par' dir='ltr' id='par_1_12' title="bbox 58 2885 376 2944">
     <span class='ocr_line' id='line_1_41' title="bbox 58 2885 376 2944; baseline -0.003 -10"><span class='ocrx_word' id='word_1_202' title='bbox 58 2901 115 2944; x_wconf 86' lang='lat' dir='ltr'>ram,</span> <span class='ocrx_word' id='word_1_203' title='bbox 130 2886 260 2934; x_wconf 88' lang='lat' dir='ltr'>Domine:</span> <span class='ocrx_word' id='word_1_204' title='bbox 291 2885 376 2933; x_wconf 81' lang='lat' dir='ltr'>multa.</span> 
     </span>
    </p>

    <p class='ocr_par' dir='ltr' id='par_1_13' title="bbox 57 2944 716 3076">
     <span class='ocr_line' id='line_1_42' title="bbox 57 2944 716 3012; baseline -0.009 -13"><span class='ocrx_word' id='word_1_205' title='bbox 57 2950 164 2999; x_wconf 83' lang='lat' dir='ltr'>odicium</span> <span class='ocrx_word' id='word_1_206' title='bbox 192 2956 261 2999; x_wconf 86' lang='lat' dir='ltr'>tuum</span> <span class='ocrx_word' id='word_1_207' title='bbox 325 2948 484 3012; x_wconf 84' lang='lat' dir='ltr'>Iniquitatem</span> <span class='ocrx_word' id='word_1_208' title='bbox 507 2946 566 2996; x_wconf 91' lang='lat' dir='ltr'>odio</span> <span class='ocrx_word' id='word_1_209' title='bbox 587 2944 664 2994; x_wconf 77' lang='lat' dir='ltr'>hebui</span> <span class='ocrx_word' id='word_1_210' title='bbox 691 2953 716 2994; x_wconf 89' lang='lat' dir='ltr'>et</span> 
     </span>
     <span class='ocr_line' id='line_1_43' title="bbox 292 3010 716 3076; baseline -0.005 -14"><span class='ocrx_word' id='word_1_211' title='bbox 292 3013 448 3062; x_wconf 81' lang='lat' dir='ltr'>abominatus</span> <span class='ocrx_word' id='word_1_212' title='bbox 458 3026 513 3060; x_wconf 87' lang='lat' dir='ltr'>sum</span> <span class='ocrx_word' id='word_1_213' title='bbox 525 3028 532 3060; x_wconf 71' lang='grc' dir='ltr'><strong>ι</strong></span> <span class='ocrx_word' id='word_1_214' title='bbox 543 3010 623 3076; x_wconf 82' lang='lat' dir='ltr'>legem</span> <span class='ocrx_word' id='word_1_215' title='bbox 634 3017 716 3060; x_wconf 79' lang='lat' dir='ltr'>nutem</span> 
     </span>
    </p>

    <p class='ocr_par' dir='ltr' id='par_1_14' title="bbox 57 3076 453 3144">
     <span class='ocr_line' id='line_1_44' title="bbox 57 3076 453 3144; baseline -0.01 -16"><span class='ocrx_word' id='word_1_216' title='bbox 57 3084 138 3128; x_wconf 81' lang='lat' dir='ltr'>rerunt</span> <span class='ocrx_word' id='word_1_217' title='bbox 182 3093 262 3144; x_wconf 88' lang='lat' dir='ltr'>perse·</span> <span class='ocrx_word' id='word_1_218' title='bbox 292 3084 360 3126; x_wconf 81' lang='lat' dir='ltr'>tuam</span> <span class='ocrx_word' id='word_1_219' title='bbox 371 3076 453 3125; x_wconf 84' lang='lat' dir='ltr'>dilexi</span> 
     </span>
    </p>
   </div>
   <div class='ocr_carea' id='block_1_5' title="bbox 0 0 1054 3450">
    <p class='ocr_par' dir='ltr' id='par_1_15' title="bbox 0 0 1054 3450">
     <span class='ocr_line' id='line_1_45' title="bbox 0 0 1054 3450; baseline 0 0"><span class='ocrx_word' id='word_1_220' title='bbox 0 0 1054 3450; x_wconf 95' lang='lat' dir='ltr'> </span> 
     </span>
    </p>
   </div>
  </div>
 </body>
</html>
