2040 3458
71 144 193 239 Diam.
457 174 566 253 m
738 139 763 274 ὀ
808 195 852 261 ,Α

64 287 495 396 ...natumnatum
635 372 637 377 .
817 336 820 343 ·

69 388 497 511 &apamien-nemu
556 420 692 472 mrsxr.
728 418 852 488 mnam

634 538 769 611 Rumpe
784 538 852 615 ΗΧ

596 634 682 707 mn
712 656 758 692 me
789 640 824 693 de

595 734 598 739 -
627 704 852 768 meicDeucmea

719 768 852 822 inmelilr

548 868 551 873 ι
647 834 852 901 medeoperantl

102 896 498 976 Etanlmiuoordeiniquitates
528 897 664 965 quitatem
686 897 846 950 etdeviris

71 962 209 1031 operemini
223 963 251 1014 ln
266 969 345 1015 terret
365 961 498 1028 injustitia
527 976 589 1014 num
598 961 725 1014 selvame

69 1034 159 1081 uuus
168 1033 257 1079 vatin
266 1026 424 1079 caudunum
560 1026 629 1092 Quis
638 1041 697 1078 ecce
711 1034 834 1093 nepem
849 1047 852 1076 ε

85 1091 215 1149 ..allusu
239 1098 298 1144 mut
318 1097 498 1158 poccatorem
527 1090 852 1144 mamelmreruutiume

69 1154 160 1220 aulem
185 1163 328 1208 aramue
353 1155 387 1207 ab
411 1162 497 1207 utem:
561 1155 651 1223 Neque
665 1154 784 1222 iniquitas
799 1170 852 1209 mer

70 1218 295 1273 lemtimnttulu.
527 1218 852 1298 peomtummeum,Domi

70 1316 73 1323 ·
104 1284 186 1337 Furor
199 1284 251 1337 tilla
263 1283 400 1337 necundm
413 1283 500 1337 simili·
580 1283 658 1335 utute
667 1283 771 1347 cucurri,
785 1291 811 1335 et
820 1285 852 1345 di

71 1348 184 1402 mulinum
200 1349 335 1416 serpentina
353 1349 419 1401 siout
433 1349 499 1416 upi-
680 1349 709 1399 in
722 1362 852 1401 occursum

71 1413 500 1467 dismrdmetobtrumtluures
528 1413 642 1465 undae
665 1413 852 1474 etmDomir

70 1494 137 1531 m
262 1496 264 1501 ·
375 1495 378 1498 ’
529 1479 655 1540 virtutum,
668 1477 837 1529 Deusleraii

104 1542 499 1609 Qunonexaudletvommin·
562 1540 852 1594 Intendeedvisitandn

73 1609 242 1658 cantantium:
258 1616 284 1659 et
298 1606 402 1658 venefici
415 1607 499 1657 incan·
547 1615 630 1656 entesz
653 1623 705 1656 non
723 1607 852 1657 misereari

73 1673 147 1723 tantis
158 1674 287 1739 sapienter.
445 1682 448 1695 ¹
529 1623 576 1722 {us
587 1672 629 1736 qui
640 1680 774 1736 operantur
784 1675 852 1737 iniqu

107 1738 176 1788 Deus
187 1745 297 1788 conteret
312 1738 398 1788 dentes
414 1753 499 1788 eorum
563 1736 743 1785 Convertentur
762 1738 796 1786 ad
819 1753 852 1786 ve

71 1801 101 1851 in
112 1818 155 1853 ore
165 1803 288 1868 ipsorum:
305 1803 384 1853 molas
400 1802 499 1852 leonum
530 1809 555 1852 et
573 1800 664 1850 samem
681 1801 807 1865 patientur
826 1810 852 1850 ut

75 1866 212 1930 confringet
221 1866 351 1917 Dominus.
531 1877 555 1914 et
567 1866 703 1914 circuibunt
714 1866 849 1916 civitatem.

106 1930 150 1980 Ad
167 1930 273 1980 nihilum
293 1932 425 1981 devenient
445 1937 499 1980 tan·
564 1931 629 1979 Ecce
649 1929 781 1994 loquentur
799 1931 826 1979 in
844 1947 852 1980 ‹

75 1995 363 2059 quamnquadecurrens
377 1997 500 2047 :intendit
531 2002 556 2044 et
576 1994 673 2058 gladius
700 1994 726 2042 in
753 1995 827 2044 labiis

75 2074 160 2108 arcum
181 2074 253 2108 suum
275 2059 355 2109 donee
375 2059 500 2110 infirmen·
532 2059 648 2124 quoniam
659 2059 715 2123 quis
725 2059 839 2109 audivit?

74 2131 121 2173 tur.
565 2124 598 2172 Et
619 2130 654 2182 tu,
686 2123 804 2183 Domine,
835 2125 852 2172 d

108 2187 178 2237 Sicut
189 2202 245 2236 cera
256 2203 311 2264 quae
318 2188 380 2250 fluit,
391 2189 500 2239 auseren-
531 2203 590 2237 eos:
604 2188 636 2236 ad
644 2187 749 2237 nihilum
758 2188 852 2238 deduce

76 2258 130 2301 ture
146 2253 308 2317 supercecidit
325 2253 397 2317 ignis,
410 2261 435 2304 et
450 2269 501 2302 non
531 2259 623 2315 gentes.

74 2317 187 2366 viderunt
197 2317 282 2366 solem.
565 2317 746 2366 Fortitudinem
773 2333 852 2367 meam

108 2381 253 2446 Priusquam
269 2381 433 2446 intelligerent
452 2383 501 2447 spi·
531 2381 675 2441 custodiam,
687 2383 746 2445 quia
756 2382 827 2431 Deus
835 2399 852 2432 st

76 2461 115 2495 nae
125 2452 212 2495 vestrae
223 2445 371 2496 rhamnum:
387 2447 450 2496 sicut
465 2448 501 2496 vi·
532 2461 614 2495 meus:
631 2446 700 2494 Deus
707 2462 783 2506 meus,
794 2448 852 2496 mise

76 2517 168 2572 ventes,
182 2510 217 2560 sic
227 2510 254 2559 in
264 2510 301 2559 ira
311 2511 426 2560 absorbet
438 2526 487 2560 eos.
533 2509 585 2574 ejus
596 2510 728 2574 praeveniet
740 2526 788 2560 me.

109 2575 331 2638 Laetabiturjustus
346 2591 402 2625 cum
413 2575 502 2625 viderit
565 2575 633 2624 Deus
660 2575 769 2623 ostendit
795 2576 852 2624 mih}

77 2640 228 2690 vindictam:
244 2655 331 2690 manus
342 2655 398 2690 suas
408 2640 502 2689 lavabit
532 2639 645 2688 inimicos
656 2655 725 2687 meos
736 2657 743 2690 ι
753 2655 786 2688 ne
795 2641 852 2689 occi

77 2705 158 2753 insen
193 2705 385 2769 inepeccatoris.
533 2703 665 2768 nequando
681 2704 852 2754 obliviscantur

110 2768 144 2818 Et
173 2770 315 2830 iconomo,
330 2770 359 2820 Si
368 2769 454 2835 utique
465 2777 502 2819 est
533 2769 589 2817 mei.

78 2831 170 2883 fructus
179 2834 258 2898 justo:
277 2835 362 2900 utique
379 2842 415 2885 est
433 2835 502 2884 Deus
567 2833 688 2896 Disperge
721 2832 777 2883 illos
811 2837 837 2882 in

77 2895 189 2960 judicans
199 2914 241 2948 eos
252 2899 278 2948 in
289 2906 359 2950 terra.
532 2904 590 2946 tua:
608 2904 632 2946 et
651 2898 749 2961 depone
767 2915 818 2961 eos,
838 2915 852 2964 p

533 2978 610 3021 meus,
624 2962 740 3012 Domine.

568 3027 694 3076 Delictum
721 3028 771 3076 oris
795 3044 852 3078 eoru

534 3107 634 3141 monem
651 3086 773 3141 labiorum
792 3093 852 3158 ipso:
