2092 3450
110 154 168 200 llirr
185 155 227 201 Vl.
495 154 605 218 lfisaltttl.
866 159 913 206 Ad
928 163 993 223 Vesp.

110 308 191 357 mulus
210 307 322 373 :quibus
341 322 392 356 non
410 311 448 358 est
463 305 535 357 intel·
566 307 695 372 gentium
715 305 832 371 reprobat
850 313 937 357 autem
956 321 997 356 co·

109 373 193 422 lectus.
257 405 260 410 -
566 371 698 435 gitatioues
718 370 868 446 populorum
889 389 896 422 ε
916 379 942 421 et
960 387 998 420 re·

143 436 174 485 In
195 451 266 485 camo
287 442 312 484 et
334 435 402 484 freno
423 434 535 484 maxillas
567 436 655 500 probat
667 434 769 484 consiha
778 435 928 499 principum.

109 516 194 549 eorum
206 500 345 562 constringe
359 499 480 563 :quinon
492 515 535 563 ap·
600 499 737 549 Consilium
748 506 832 548 autern
848 499 956 548 Domini
972 499 998 546 in

109 568 249 628 proximant
261 564 292 612 ad
303 571 335 612 te.
568 570 686 613 aeternum
705 570 789 613 manet
808 581 815 612 r
833 563 998 626 cogitationes

143 628 225 677 Multa
251 627 349 690 flagella
375 627 535 690 peccatoris:
568 628 648 677 cordis
668 627 721 691 ejus
742 627 770 676 in
789 628 952 690 generatione
973 634 998 676 et

110 701 249 756 sperantem
271 699 354 739 autem
376 693 403 739 in
425 691 535 740 Domino
567 692 756 756 generationem.

109 755 276 804 misericordia
286 755 454 804 circumdabit.
601 757 679 806 Beata
701 771 762 819 gens
789 754 858 818 cujus
884 762 924 806 est
944 754 998 804 Do

143 819 273 869 Laetamini
290 819 438 868 inDomino
455 826 479 868 et
495 835 535 868 ex·
567 820 648 869 minus
676 820 745 869 Deus
772 819 825 883 ejus
854 837 861 869 r
890 819 998 884 populus

109 883 199 933 sultate
223 882 283 947 justi
308 900 315 932 r
342 890 367 932 et
396 883 536 947 gloriamini
568 900 643 949 quem
672 883 746 948 elegit
772 884 799 932 in
826 883 997 934 haereditatem

111 963 196 996 omnes
206 948 266 996 recti
278 947 359 996 corde.
568 949 622 998 sibi.

600 1012 641 1061 De
653 1011 717 1062 coelo
734 1010 844 1076 respexit
851 1011 978 1062 Dominus
991 1029 998 1059 :

567 1076 630 1125 vidit
641 1091 727 1126 omnes
737 1076 802 1125 filios
813 1075 953 1125 hominurn.

192 1165 320 1213 Psnnuus
334 1163 460 1214 XXXIIL
601 1141 642 1190 De
677 1148 815 1216 P‘aelmw
854 1138 998 1214 halim?

374 1233 376 1236 -
568 1220 613 1253 suo
629 1211 752 1269 :respexit
768 1219 842 1268 super
852 1219 942 1254 omnes
955 1218 998 1269 qur

121 1260 362 1383 EXSULTATE
374 1269 435 1333 justi
446 1268 473 1317 in
483 1268 537 1318 Do·
568 1269 681 1318 habitant
692 1276 788 1318 terram.

208 1334 277 1383 mino
292 1341 389 1383 :rectos
400 1334 471 1383 decet
488 1333 537 1382 col·
602 1333 653 1395 Qui
677 1332 747 1382 finxit
771 1332 901 1395 sigillatim
926 1332 999 1382 corda
1040 1358 1044 1372 ·

112 1398 228 1447 laudatio.
569 1412 654 1446 eorum
674 1415 681 1447 ε
703 1397 746 1461 qui
771 1396 890 1460 intelligit
917 1396 999 1445 omnia

146 1462 304 1512 Confitemini
323 1462 435 1511 Domino
456 1461 483 1510 in
504 1461 538 1510 ci·
569 1477 646 1525 opera
656 1477 747 1510 eorum.

112 1527 184 1575 thara
208 1545 215 1577 z
245 1527 272 1575 in
303 1526 419 1590 psalterio
452 1526 539 1574 decem
602 1526 663 1574 Non
679 1525 788 1574 salvatur
803 1539 849 1573 rex
869 1539 918 1600 per
938 1523 1000 1574 mul·

112 1592 259 1640 chordarum
270 1590 368 1653 psallite
378 1590 422 1638 illi.
570 1597 622 1639 tam
645 1590 761 1638 virtutem
781 1607 787 1638 ι
810 1596 836 1637 et
856 1604 929 1652 gigas
950 1603 1000 1637 non

146 1656 251 1703 Caritate
263 1656 285 1702 ei
297 1655 418 1702 canticum
429 1669 538 1701 novum:
570 1654 704 1703 salvabitur
722 1654 748 1701 in
770 1653 933 1702 multitudine
953 1653 999 1702 vir·

113 1719 176 1767 bene
201 1719 303 1782 psallite'
323 1719 346 1767 ei
373 1719 399 1766 in
421 1718 538 1766 vocifera·
570 1719 696 1767 tutissuae.

114 1784 188 1831 tione.
603 1782 690 1830 Fallax
701 1797 778 1845 equus
789 1780 821 1828 ad
836 1781 944 1830 salutem
958 1799 964 1830 ι
975 1780 1000 1829 in

147 1847 212 1908 Quia
223 1853 316 1894 rectum
328 1853 364 1895 est
374 1845 477 1894 verbum
487 1845 539 1894 Do·
571 1847 722 1895 abundantia
739 1854 821 1894 autem
834 1846 935 1894 virtutis
951 1859 1000 1894 suae

114 1911 174 1958 mini
190 1919 232 1959 :et
248 1911 332 1958 omnia
351 1926 426 1974 opera
446 1909 497 1973 ejus
514 1910 540 1957 in
570 1926 620 1959 non
631 1911 771 1959 salvabitur.

116 1974 171 2022 fide.
604 1975 669 2022 Ecce
697 1974 762 2022 oculi
789 1972 896 2022 Domini
930 1987 1000 2037 snper

147 2037 236 2100 Diligit
253 2037 446 2085 misericordiam
462 2045 486 2086 et
500 2037 539 2100 ju·
570 2046 707 2088 metuentes
725 2053 781 2086 eum
797 2054 803 2085 ε
821 2046 846 2086 et
863 2038 889 2085 in
907 2036 1000 2100 eisqui

115 2102 206 2149 dicium
226 2119 232 2150 ε
254 2102 420 2149 misericordia
438 2102 540 2150 Domini
571 2110 670 2165 sperant
713 2117 787 2165 super
832 2101 1001 2151 misericordia

116 2166 190 2228 plena
201 2171 238 2213 est
249 2172 319 2212 terra.
572 2167 630 2230 ejus.

148 2230 231 2277 Verbo
251 2229 354 2276 Domini
375 2229 431 2277 coeli
451 2229 541 2277 firmati
606 2231 643 2280 Ut
669 2236 738 2279 eruat
759 2245 775 2277 a
797 2236 879 2278 morte
907 2229 1001 2278 animas

115 2301 171 2341 sunt
187 2311 192 2340 :
204 2301 228 2340 et
240 2294 327 2355 spiritu
338 2293 386 2342 oris
398 2293 450 2357 ejus
461 2296 541 2341 omnis
573 2310 657 2343 eorum
672 2313 678 2343 ι
689 2302 714 2342 et
725 2293 776 2342 alat
786 2308 829 2342 eos
840 2294 867 2341 in
878 2293 953 2343 same.

116 2359 192 2405 virtus
204 2372 294 2405 eorum.
606 2359 699 2406 Anima
719 2366 804 2406 nostra
825 2359 932 2406 sustinet
950 2358 1000 2406 Do·

149 2421 308 2484 Congregans
340 2421 402 2469 sicut
435 2421 460 2468 in
489 2428 542 2469 utre
572 2423 693 2471 minum:
715 2422 833 2485 quoniam
856 2422 958 2484 adjutor
978 2429 1001 2469 et

117 2501 192 2549 aquas
214 2486 308 2533 maris:
325 2501 420 2548 ponens
441 2487 468 2533 in
489 2485 542 2533 the·
572 2494 696 2550 protector
706 2493 789 2534 noster
800 2492 844 2534 est.
1041 2480 1044 2491 ¹

116 2550 193 2598 sauris
203 2550 309 2611 abyssos.
606 2550 672 2612 Quia
698 2550 725 2598 in
752 2565 782 2598 eo
810 2549 938 2598 laetabitur
961 2565 1002 2599 cor

149 2615 247 2662 Timeat
285 2613 422 2661 Dominum
463 2612 542 2660 omnis
573 2622 683 2662 nostrum
698 2619 739 2662 :et
751 2613 777 2661 in
788 2613 901 2662 Nomine
917 2622 1001 2663 sancto

117 2686 181 2726 terra
201 2679 258 2726 :ab
280 2693 310 2725 eo
330 2684 412 2724 autem
434 2691 542 2724 commo·
573 2678 625 2741 ejus
636 2678 794 2740 speravimus.

118 2750 220 2790 veantur
256 2757 340 2790 omnes
378 2740 543 2788 inhabitantes
607 2743 663 2790 Fiat
683 2740 852 2789 misericordia
873 2747 926 2801 tua,
951 2741 1001 2789 Do·

118 2807 210 2854 orbem.
573 2807 647 2865 mine,
666 2819 800 2868 supernos
817 2822 823 2853 ε
840 2804 1000 2868 quemadmo

151 2870 275 2931 Quoniam
292 2869 344 2932 ipse
360 2868 429 2928 dixit,
443 2874 467 2916 et
479 2867 543 2915 iacta
573 2870 633 2918 dum
643 2868 795 2933 speravimus
806 2868 832 2916 in
844 2876 877 2919 te.

118 2942 174 2981 sunt
188 2934 259 2997 :ipse
275 2933 409 2991 mandavit,
423 2939 447 2980 et
463 2939 543 2980 creata

118 3005 181 3044 sunt.

151 3060 273 3108 Dominus
306 3061 408 3124 dissipat
441 3058 543 3108 consilia

182 3137 231 3178 234
