2092 3450
120 165 176 210 Dia·
188 168 246 214 ‘l'll
252 170 261 213 '.
507 169 614 232 Bubul.
871 176 919 222 ,ld
933 176 944 221 l
948 176 999 238 Ξῖ).

146 319 185 370 Sit
201 335 294 368 nomen
310 319 363 383 ejus
378 319 535 369 benedictum
599 317 662 366 Ideo
697 325 854 368 convertetur
886 325 997 384 populns

101 386 139 432 ·in
151 384 242 433 saecula
254 392 330 433 :ante
345 384 424 434 solem
439 399 535 448 perma-
566 397 635 430 meus
647 382 688 431 hie
701 391 745 432 :et
754 383 808 432 dies
818 383 889 448 pleni
900 386 996 434 inveni-

112 457 153 497 net
165 449 265 497 Nomen
276 449 334 511 ejus
566 455 637 494 entur
647 446 673 495 in
684 447 726 495 eis.

145 514 178 561 Et
193 513 368 562 benedicentur
378 513 405 560 in
416 512 472 576 ipso
483 528 535 560 om·
598 511 633 558 Et
651 511 772 569 dixerunt,
795 511 934 574 Quomodo
951 515 996 563 seit

112 594 156 626 nes
166 578 244 626 tribus
254 585 324 626 terrae
338 595 345 624 z
356 592 442 625 omnes
449 585 535 640 gentes
567 574 636 624 Deus
650 593 657 623 ε
668 582 693 624 et
702 576 725 624 si
735 584 772 624 est
787 577 894 626 scientia
906 578 935 626 in
945 580 996 627 Ex·

112 641 303 704 magnificabunt
314 657 377 690 eum.
565 639 650 688 celso?

144 706 290 755 Benedictus
315 705 438 754 Dominus
466 705 534 754 Deus
598 703 717 766 Ecceipsi
724 711 874 767 peceatorea
884 714 911 755 et
918 707 996 755 abun·

112 770 189 819 Isra'el
219 787 225 819 ι
253 769 296 833 qui
322 770 380 818 facit
412 770 535 818 mirabilia
564 767 652 879 gpntes
666 768 695 816 in
710 768 801 816 saeeulo
815 770 996 820 :obtinuerunt

109 835 193 884 solus:
583 831 669 880 'vitias

142 899 175 947 Et
192 899 349 947 benedictum
366 899 467 947 Nomen
482 914 534 946 ma·
597 895 631 944 Et
658 896 717 955 dixi,
742 896 810 963 Ergo
838 898 894 947 sine
922 915 996 948 eausa

106 962 203 1026 jestatis
221 963 273 1026 ejus
292 964 319 1011 in
339 971 458 1012 aetemum
481 981 488 1011 z
510 971 534 1011 et
562 959 694 1022 justificavi
711 976 856 1010 cormeum
876 980 883 1011 :
901 970 928 1011 et
946 963 995 1012 lavi

109 1027 243 1090 replebitur
253 1027 380 1091 majestate
391 1027 443 1091 ejus
454 1029 534 1077 omnis
564 1027 628 1072 inter
637 1025 780 1074 innocentes
790 1041 880 1075 manus
891 1042 962 1077 meas
973 1046 980 1077 ε

109 1100 190 1151 terra3
206 1091 257 1152 fiat,
271 1092 321 1141 fiat
597 1089 631 1137 Et
647 1089 682 1138 sui
698 1089 837 1152 flagellatus
853 1098 910 1140 tota
925 1093 968 1142 die
987 1110 994 1141 :

565 1158 589 1201 et
601 1154 728 1216 castigatio
739 1169 796 1202 mea
806 1154 833 1203 in
843 1156 980 1206 matutinis.

598 1218 626 1266 Si
649 1218 769 1277 dicebam,
790 1219 909 1269 Narrabo
932 1224 994 1270 sic:

144 1311 209 1357 lars
224 1311 293 1358 xlv.
335 1309 371 1364 iu
383 1309 513 1376 Frsuttas.
565 1282 758 1408 ppppoffitvipnem
769 1281 878 1331 filiorum
893 1292 993 1382 tuorum

189 1433 454 1482 Psanusnxxm,
598 1410 777 1458 Emlimabffl
804 1418 832 1459 ¹¹¹
860 1427 993 1476 ΨΜ·

564 1489 616 1521 rem
631 1473 697 1523 :hoc
707 1474 779 1523 labor
789 1483 827 1524 est
838 1484 899 1525 aute
909 1493 958 1526 me

180 1535 261 1585 UAM
271 1536 352 1584 bonus
361 1535 437 1584 lsrael
446 1535 514 1583 Deus
526 1553 533 1583 :
596 1537 685 1587 Donec
693 1538 783 1587 intrem
790 1539 817 1587 in
825 1543 993 1590 sanctuarium

204 1600 243 1647 his
254 1600 297 1663 qui
305 1606 372 1648 recto
380 1607 437 1647 sunt
448 1600 528 1647 corde.
565 1602 614 1650 Dei
629 1619 636 1650 ε
651 1610 675 1650 et
691 1602 828 1666 intelligam
845 1605 872 1652 in
888 1607 993 1655 novissi·

128 1652 178 1685 Α
210 1665 262 1712 Mei
284 1672 366 1712 autem
385 1679 449 1726 pene
471 1665 532 1711 moti
565 1667 611 1714 mis
623 1682 714 1714 eorum.

107 1735 163 1776 sunt
184 1729 260 1791 pedes
282 1744 368 1792 :pene
388 1728 457 1776 effusi
475 1735 532 1776 sunt
596 1730 773 1779 Verumtamen
795 1741 900 1795 propter
921 1734 992 1783 dolos

107 1809 202 1854 gressus
213 1794 269 1841 mei.
563 1796 666 1856 posuisti
678 1796 712 1843 eis
728 1814 733 1843 :
746 1796 857 1859 dejecisti
872 1813 917 1846 eos
932 1800 991 1848 dum

141 1858 206 1918 Quia
225 1857 301 1905 zelavi
318 1872 392 1919 super
407 1857 504 1919 iniquos
524 1874 531 1904 t
565 1859 734 1907 allevarentur.

107 1937 192 1983 pacem
204 1930 360 1984 peccatorum
371 1921 463 1969 videns.
596 1924 729 1984 Quomodo
740 1923 799 1972 sacti
810 1932 868 1973 sunt
883 1926 910 1974 in
921 1927 991 1975 deso-

140 1986 206 2047 Quia
216 1995 311 2033 nonest
324 1993 447 2047 respectus
458 1985 531 2032 morti
562 1985 700 2036 lationem?
721 1989 804 2037 subito
820 1990 965 2040 defecerunt
984 2011 989 2039 :

106 2066 191 2098 eorum
217 2068 223 2098 :
245 2057 269 2098 et
297 2049 478 2098 firmamentum
505 2050 531 2097 in
562 2051 686 2113 perierunt
710 2059 812 2116 propter
833 2055 991 2118 iniquitatem

107 2114 181 2176 plaga
192 2130 283 2162 eorum.
561 2130 638 2163 suam.

139 2178 169 2226 ln
202 2178 287 2226 labore
318 2177 447 2226 hominum
480 2193 530 2225 non
594 2179 670 2228 Velut
686 2182 809 2229 somnium
826 2184 988 2245 surgentium,

106 2251 162 2290 sunt
182 2261 188 2289 z
206 2251 301 2290 etcum
322 2242 463 2290 hominibus
479 2258 530 2289 non
562 2243 670 2292 Domine
688 2247 853 2294 :incivitate
870 2256 914 2295 tua
931 2250 990 2296 ima·

106 2306 299 2369 flagellabuntur.
560 2308 644 2369 ginem
675 2310 785 2373 ipsomm
818 2312 851 2358 ad
885 2313 991 2361 nihilum

139 2372 201 2420 ldeo
222 2373 299 2419 tenuit
322 2387 363 2418 eos
386 2371 500 2433 superbia
523 2389 529 2418 ε
561 2373 662 2434 rediges.

106 2437 186 2499 operti
208 2444 264 2485 sunt
286 2436 416 2498 iniquitate
437 2443 462 2482 et
483 2435 528 2482 im·
594 2437 660 2498 Quia
683 2437 865 2486 inflammatum
888 2449 926 2489 est
949 2457 990 2490 cor

106 2502 197 2563 pietate
208 2516 259 2548 sua
560 2512 650 2560 meum,
665 2509 689 2549 et
701 2518 770 2550 renes
781 2503 831 2551 mei
842 2507 989 2554 commutati

139 2565 233 2612 Prodiit
242 2563 312 2627 quasi
321 2579 350 2611 ex
359 2563 432 2625 adipe
441 2563 528 2626 iniqui·
560 2573 617 2612 sunt
637 2583 643 2613 z
663 2574 688 2614 et
708 2582 754 2629 ego
773 2567 805 2614 ad
825 2569 933 2617 nihilum
953 2586 989 2618 re·

106 2639 143 2677 tas
160 2645 244 2678 eorum
265 2647 271 2676 ε
289 2628 435 2676 transierunt
452 2629 477 2675 in
494 2628 528 2675 al·
560 2629 646 2677 dactus
657 2645 711 2678 sum
723 2639 747 2678 et
758 2632 858 2680 nescivi.

104 2695 195 2742 lectum
206 2694 293 2741 cordis.
594 2693 630 2741 Ut
659 2694 799 2757 jumentum
826 2696 906 2745 sactus
934 2713 989 2747 sum

138 2758 315 2820 Cogitaverunt
334 2763 358 2804 et
378 2757 453 2804 locuti
473 2764 529 2804 sunt
560 2758 626 2820 apud
637 2764 662 2806 te
674 2776 680 2806 ε
692 2765 717 2807 et
728 2775 774 2821 ego
784 2775 884 2824 semper
895 2769 985 2811 tecum

105 2824 240 2886 nequitiam
255 2822 429 2884 :iniquitatem
445 2821 471 2868 in
488 2837 528 2868 ex·
592 2822 704 2870 Tenuisti
730 2839 832 2872 manum
860 2826 988 2874 dexteram

104 2888 170 2936 celso
182 2887 257 2935 locuti
268 2894 331 2934 sunt.
559 2901 648 2944 meam,
673 2893 697 2934 et
729 2888 755 2935 in
782 2887 912 2937 voluntate
945 2899 988 2939 tua

138 2949 528 3000 Posueruntincoelumossuum:
559 2949 737 3000 deduxistime
758 2970 764 3000 :
784 2958 808 3000 et
831 2969 889 3001 cum
908 2954 988 3017 gloria

105 3026 128 3062 et
151 3016 235 3078 lingua
257 3030 342 3063 eorum
364 3013 475 3062 transivit
502 3015 527 3060 in
558 3014 686 3076 suscepisti
696 3031 743 3064 me.

105 3090 173 3127 terra.
591 3078 657 3140 Quid
669 3080 734 3128 enim
745 3080 807 3128 mihi
819 3090 856 3130 est
868 3082 895 3132 in
907 3084 987 3134 coelo?

172 3143 221 3191 262
