2092 3450
377 157 507 212 ltnmlultu
523 157 549 211 in
567 158 730 226 §nantelmo

115 294 168 354 mis,
179 295 205 343 in
217 294 353 343 oerceribus
363 294 537 354 abuudantius,
572 301 653 342 catum
665 299 709 354 est,
723 300 747 342 et
758 292 869 343 volucres
879 294 943 343 ‘coeli
958 311 997 344 co·

114 360 141 407 in
150 359 228 423 plagis
237 375 310 422 supra
318 359 427 418 modum,
439 359 465 406 in
476 374 540 406 mor·
570 359 698 407 mederunt
709 358 777 406 illud.
812 359 846 407 Et
856 359 924 407 aliud
935 361 998 408 ceci·

114 423 180 472 tibus
206 424 351 488 frequenter.
396 423 421 470 A
446 423 540 486 Judaeis
569 423 607 470 dit
629 437 703 486 supra
724 430 838 486 petram:
865 428 890 471 et
912 432 998 471 natum

114 487 251 551 quinquies,
282 487 457 562 quadragenas,
491 503 540 535 una
570 487 640 548 aruit,
655 487 774 550 quianon
790 486 998 537 habebathurno.⁸

114 553 203 610 minus,
212 567 304 614 accepi,
326 551 456 613 Tervirgis
464 566 540 599 caesus
570 567 630 599 rem.
678 551 711 599 Et
733 550 801 599 aliud
823 551 912 600 cecidit
934 552 999 618 inte5

114 631 176 674 sum,
191 615 266 664 semel
283 615 406 679 lapidatus
421 630 484 672 sum,
504 621 541 663 ter
570 615 661 679 spinas,
680 621 705 663 et
721 615 794 663 simul
810 622 901 674 exortae
919 616 998 679 spinae

114 680 268 742 naufragium
276 679 331 739 feci,
342 687 416 727 noete
427 685 451 727 et
462 679 502 726 die
514 679 540 727 in
571 679 750 727 suffocaverunt
769 679 838 727 illud.
878 679 912 728 Et
929 680 997 728 aliud

114 743 237 806 profundo
245 743 318 792 maris
327 742 370 802 fui,
380 743 406 791 in
414 743 540 792 itineribus
571 743 659 792 cecidit
678 743 705 791 in
724 750 814 791 terram
835 743 945 792 bonam:
973 752 998 793 et

114 823 186 870 saepe,
200 807 315 870 periculis
325 807 462 867 fluminum,
476 808 540 871 peri-
570 814 651 855 ortum
662 807 720 855 feeit
730 807 836 856 fructum
844 808 994 872 centuplum.

114 872 174 919 culis
186 872 316 930 latronum,
330 871 444 935 periculis
459 886 489 920 ex
499 887 540 934 ge·
571 871 636 920 Haee
662 872 746 920 dicens
774 871 913 920 clamabat:
947 872 998 934 Qui

113 951 178 994 nere,
188 935 467 999 periculisexgentibus,
477 935 540 999 peri·
569 935 644 984 habet
666 951 736 984 aures
757 936 880 994 audiendi,
904 936 1011 985 audiat..

114 1000 174 1048 culis
196 1000 222 1047 in
244 1000 350 1059 civitate,
374 999 489 1062 periculis
514 999 540 1047 in
571 1000 758 1063 interrogabant
769 1007 852 1048 autem
860 1015 917 1048 eum
926 1001 999 1048 disci-

113 1064 252 1122 solitudine,
276 1064 391 1128 periculis
418 1064 444 1111 in
468 1064 537 1121 mari,
571 1063 623 1127 puli
634 1063 693 1127 ejus,
707 1079 763 1126 quae
777 1070 841 1112 esset
857 1063 911 1113 haec
926 1080 998 1127 para·

113 1128 228 1239 perieulis
241 1129 267 1176 in
283 1128 350 1176 falsis
366 1127 497 1176 fratribus:
514 1128 540 1175 in
569 1128 634 1176 bolan
664 1127 760 1190 Quibus
766 1128 819 1191 ipse
825 1128 902 1176 dixit:
918 1129 999 1177 Vobis

124 1192 199 1240 abore
221 1199 245 1240 et
267 1207 383 1252 aerumna,
403 1192 429 1240 in
450 1192 540 1254 vigiliis
570 1192 656 1240 datum
688 1200 724 1240 est
757 1208 829 1241 nosse
855 1193 998 1254 mysterium

114 1256 204 1315 multis,
225 1257 250 1304 in
269 1256 334 1304 fame
352 1264 376 1305 et
394 1256 443 1315 siti,
462 1257 489 1304 in
503 1256 540 1318 je·
558 1256 639 1318 .regni
647 1256 703 1315 Dei,
712 1257 887 1304 ceterisautem
894 1257 920 1305 in
927 1272 997 1320 para-

114 1320 187 1383 juniis
213 1320 305 1379 multis,
335 1321 362 1368 in
394 1320 484 1384 frigore
516 1327 541 1368 et
570 1319 652 1368 bolis:
668 1327 696 1369 ut
704 1320 815 1368 videntes
826 1336 877 1368 non
887 1321 1002 1382 videant„

114 1384 242 1433 nuditate:
264 1391 353 1448 praeter
368 1384 412 1432 illa
428 1400 483 1448 quae
500 1400 540 1432 ex·
571 1391 595 1432 et
622 1384 749 1432 audientes
776 1399 826 1432 non
848 1385 995 1448 intelligant.

114 1449 231 1497 trinsecus
253 1455 316 1505 sunt,
342 1448 459 1496 instantia
485 1464 541 1496 mea
572 1448 997 1511 EstautemhaecparabolaxSemen

114 1513 264 1575 quotidiana,
279 1512 418 1561 sollicitudo
430 1513 541 1560 omnium
571 1519 608 1560 est
629 1513 732 1560 verbum
752 1512 807 1560 Dei.
845 1512 896 1575 Qui
915 1520 998 1562 autem

115 1577 277 1625 ecclesiarum.
316 1577 377 1638 Quis
394 1575 537 1635 infirmatur,
571 1592 640 1625 secus
647 1576 720 1636 viam,
730 1577 757 1624 hi
765 1583 821 1624 sunt
829 1577 872 1639 qui
883 1578 998 1637 audiunt;

114 1648 138 1688 et
150 1657 195 1703 ego
205 1657 255 1689 non
264 1639 393 1689 infirmor?
409 1641 464 1703 quis
472 1656 540 1688 scan·
572 1640 662 1689 deinde
672 1641 740 1689 venit
756 1641 878 1700 diabolus,
892 1650 917 1690 et
933 1641 998 1691 tollit

114 1706 239 1763 dalizatur,
255 1713 278 1753 et
290 1720 336 1768 ego
347 1720 398 1753 non
408 1706 485 1753 uror?
513 1705 540 1753 Si
572 1705 674 1753 verbum
695 1705 727 1753 de
749 1705 822 1753 corde
849 1721 941 1765 eorum,
966 1722 998 1754 ne

114 1769 213 1831 gloriari
231 1776 345 1833 oportet:
365 1785 420 1832 quae
439 1768 540 1816 infirmi·
572 1768 847 1817 credentessalvifiant.
876 1770 944 1818 Nam
955 1771 998 1833 qui

114 1834 239 1882 tatismeae
246 1841 310 1893 sunt,
320 1833 450 1896 gloriabor.
472 1833 541 1881 Deus
572 1849 644 1896 supra
661 1840 764 1896 petram,
782 1834 824 1896 qui
842 1849 898 1881 cum
914 1835 997 1882 audie·

114 1905 138 1944 et
161 1898 234 1946 Pater
257 1897 359 1946 Domini
381 1897 458 1945 nostri
481 1897 540 1960 Jesu
572 1898 627 1954 rint,
658 1913 714 1945 cum
740 1898 831 1959 gaudio
862 1899 998 1962 suscipiunt

115 1961 213 2021 Christi,
234 1961 276 2025 qui
297 1969 332 2009 est
352 1962 496 2010 benedictus
515 1962 541 2008 in
570 1961 690 2009 verbum:
720 1969 745 2009 et
772 1961 797 2009 hi
825 1961 920 2011 radices
947 1978 998 2011 nou

114 2025 210 2083 saecula,
224 2026 269 2074 scit
281 2025 348 2089 quod
360 2041 410 2074 non
421 2026 532 2074 mentior.
570 2025 663 2073 habent
670 2043 677 2084 ;
692 2026 734 2088 qui
742 2025 773 2072 ad
781 2033 877 2088 tempus
885 2027 994 2086 credunt,

571 2090 631 2136 etin
647 2096 757 2152 tempore
773 2090 916 2138 tentationis
932 2106 997 2139 rece-

241 2164 412 2232 ffihanfflfum‘
570 2154 646 2228 dunt..
676 2153 751 2228 Quod
770 2160 853 2228 autent
870 2154 897 2202 in
909 2155 997 2229 ‚spinas

220 2256 244 2304 S·
261 2257 395 2305 Lucaeviii-
410 2271 433 2318 4
570 2217 996 2342 {tltttltnttttltllttltt

175 2344 229 2392 UM
247 2351 328 2392 autem
345 2345 417 2392 turba
434 2345 540 2409 plurima
571 2352 596 2393 et
622 2345 789 2408 voluptatibus
816 2346 873 2393 vitae
901 2354 994 2406 eunteS‚

119 2345 171 2483 C
207 2409 371 2467 convenirent,
392 2417 415 2457 et
433 2409 465 2457 de
481 2409 539 2457 civi·
571 2409 726 2468 suffocantur,
758 2416 782 2457 et
809 2424 860 2457 non
890 2410 996 2459 referunt

114 2473 204 2520 tatibus
228 2479 386 2535 properarent
413 2473 445 2520 ad
473 2489 537 2531 eum,
570 2472 682 2521 fructum.
719 2473 794 2535 Quod
811 2484 894 2521 autem
910 2474 936 2522 in
953 2475 997 2523 bo·

114 2537 175 2584 dixit
192 2552 236 2600 per
252 2536 455 2586 similitudinem:
472 2537 540 2585 Exiit
571 2553 630 2585 nam
651 2544 748 2596 terram,
773 2537 799 2584 hi
821 2544 878 2585 sunt
901 2540 944 2601 qui
970 2539 996 2586 in

114 2601 156 2663 qui
179 2600 289 2657 seminat,
315 2601 434 2649 seminare
456 2617 540 2649 semen
571 2601 645 2649 corde
653 2602 720 2649 bono
731 2607 756 2649 et
765 2603 860 2664 optimo
869 2603 997 2651 audientes

115 2681 204 2713 suum:
225 2672 249 2712 et
265 2665 324 2712 dum
341 2666 452 2724 seminat,
472 2665 540 2712 aliud
570 2666 674 2714 verbum
701 2666 813 2723 retinent,
839 2673 863 2714 et
891 2665 997 2716 fructum

115 2730 203 2778 cecidit
223 2745 291 2777 secus
307 2729 381 2788 viam,
401 2736 425 2777 et
442 2729 539 2777 concul-
571 2729 674 2786 afferunt
685 2729 711 2777 in
723 2729 847 2793 patientia.
