2092 3450
126 164 302 214 DasXVJlJ.
511 164 620 230 psalm.
884 163 1003 215 AdMal.

156 329 218 392 Quis
232 336 268 379 est
284 329 367 388 homo,
381 328 424 393 qui
435 329 508 389 vivet,
522 336 547 377 et
577 336 688 379 nostrum
707 329 734 378 in
755 328 939 379 illuminatione
957 329 1007 378 vul·

123 411 173 443 non
200 394 294 444 videbit
320 399 425 442 mortem
451 411 457 442 ι
479 401 547 442 eruet
578 395 671 443 tustui.

122 460 231 508 animam
241 473 311 507 suam
322 456 354 506 de
364 472 440 505 manu
451 457 540 506 inseri?
611 458 736 521 Quoniam
755 473 842 507 omnes
858 458 915 508 dies
929 459 1005 508 nostri

156 523 209 573 Ubi
227 529 284 571 sunt
303 521 476 570 misericordiae
498 529 547 570 tuae
577 522 718 572 defecerunt
733 529 777 571 ret
792 523 819 571 in
835 522 872 571 ira
888 523 1006 572 tuadefe·

122 588 236 662 antiquae,
252 585 377 635 Domine:
389 587 451 634 sicut
460 585 548 648 jurasti
578 588 662 636 cimus.

123 650 356 699 Dandinveritate
367 652 429 700 tua?
611 651 680 700 Anni
711 652 789 700 nostri
821 652 886 700 sicut
919 667 1007 700 aranee

154 715 252 764 Memor
260 722 320 774 esto,
331 715 473 773 Domine,o
491 729 547 778 pro·
577 715 762 764 meditabuntur
783 731 789 764 ι
809 716 863 764 dies
886 731 1005 765 annorum

121 780 168 828 brii
187 794 313 828 servorum
334 785 433 827 tuorum
448 796 455 827 r
470 729 547 842 iiruod
577 787 716 829 nostrorum
732 780 759 829 in
775 780 836 843 ipsis
850 779 1006 844 septuaginta

121 843 230 892 continui
241 843 267 892 in
277 843 332 892 sinu
340 844 407 903 meo)
415 842 547 891 multarum
578 845 643 893 anni.

120 908 238 971 gentium.
612 908 639 959 Si
654 915 737 957 autem
748 908 774 956 in
785 909 957 972 potentatibus
967 923 1005 957 oc·

153 971 228 1034 Quod
237 971 444 1035 exprobraverunt
452 970 546 1020 inimici
579 974 674 1036 toginta
682 973 739 1022 anni
752 972 912 1037 :etamplius
922 988 1005 1023 eorum

120 1036 164 1096 tui,
184 1036 314 1084 Domine:
330 1036 398 1100 quod
415 1036 546 1099 exprobra·
577 1037 648 1086 labor
659 1044 684 1086 et
694 1037 771 1086 dolor.

120 1108 207 1150 verunt
222 1101 440 1150 commutationem
453 1100 545 1150 Christi
611 1101 736 1164 Quoniam
743 1101 886 1165 supervenit
893 1116 1004 1150 mansue·

120 1166 164 1213 tui.
575 1167 636 1215 tudo
652 1183 658 1215 :
669 1172 693 1215 et
704 1166 870 1230 corripiemur.

153 1229 300 1279 Benedictus
313 1229 436 1278 Dominus
444 1228 469 1276 in
477 1236 545 1277 aeter·
609 1231 672 1293 Quis
692 1231 763 1279 novit
788 1237 939 1294 potestatem
964 1230 1004 1279 irae

121 1309 180 1342 num
195 1293 263 1352 :fiat
278 1293 328 1342 fiat.
577 1302 626 1344 tuae
640 1313 647 1344 ε
664 1302 688 1344 et
705 1310 756 1358 prae
773 1295 862 1344 timore
881 1302 927 1344 tuo
944 1295 1005 1343 iram

491 1409 495 1420 ,
577 1365 646 1409 tuam
656 1360 831 1408 dinumerare?

128 1412 195 1458 DIES
210 1413 311 1460 XViii.
338 1410 378 1465 Q
391 1410 549 1470 ffitituimdss.
610 1424 744 1473 Dexter-am
772 1430 841 1471 tuam
862 1423 899 1473 sic
920 1430 1004 1472 notam

577 1488 616 1537 sac
636 1506 642 1536 :
659 1495 684 1537 et
703 1488 810 1536 eruditos
833 1487 909 1537 corde
926 1488 953 1536 in
968 1503 1005 1537 sa·

231 1532 359 1580 Psnmrus
377 1530 432 1581 XC.
576 1552 677 1618 pientia.

185 1620 312 1679 OMINE,
331 1619 451 1682 refugium
469 1618 547 1667 sactus
611 1617 767 1675 Convertere,
781 1616 900 1674 Domine,
918 1632 1004 1681 usque·

216 1700 242 1733 es
259 1684 330 1732 nobis
346 1701 352 1731 ε
364 1699 379 1730 a
389 1684 547 1746 generatione
577 1697 627 1745 quo
642 1699 648 1729 :
660 1688 684 1730 et
695 1681 857 1745 deprecabilis
868 1688 923 1730 esto
934 1697 1006 1745 super

120 1751 144 1797 in
155 1748 345 1812 generationem.
577 1762 658 1794 servos
669 1753 731 1794 tuos.

152 1814 298 1877 Priusquam
325 1819 421 1860 montes
449 1811 543 1871 fierent,
610 1810 709 1873 Repleti
726 1825 809 1858 sumus
826 1809 1003 1859 manemiseri·

120 1885 162 1926 aut
178 1877 323 1925 formaretur
337 1883 401 1924 terra
417 1884 442 1923 et
458 1877 524 1925 orbis
539 1894 545 1923 ε
577 1874 660 1923 cordia
674 1881 716 1922 tua
731 1882 773 1922 :et
784 1874 960 1923 exsultavimus
979 1883 1002 1922 et

119 1959 134 1988 a
145 1940 234 1990 saeculo
252 1949 276 1989 et
292 1955 370 2004 usque
386 1940 412 1987 in
429 1940 545 1988 saeculum
576 1938 690 1987 delectati
702 1953 785 1986 sumus
794 1938 911 1987 omnibus
919 1938 1003 1987 diebus

120 2015 146 2053 tu
157 2021 183 2053 es
194 2005 270 2052 Deus.
576 2004 671 2051 nostris.

152 2070 192 2117 Ne
203 2077 298 2117 avertas
315 2068 442 2117 hominem
458 2068 484 2116 in
501 2068 545 2116 hu·
609 2067 699 2115 Laetati
725 2082 809 2114 sumus
842 2082 889 2129 pro
917 2066 1001 2115 diebus

119 2134 248 2181 militatem
264 2151 269 2181 :
284 2139 309 2180 et
325 2133 415 2191 dixisti,
436 2132 544 2181 Conver·
576 2131 664 2195 quibus
682 2146 726 2178 nos
746 2131 881 2179 humiliasti
911 2131 1003 2179 :arinis

119 2197 199 2246 timini
210 2197 255 2245 filii
265 2197 401 2244 hominum.
576 2196 664 2259 quibus
676 2195 781 2243 vidimus
792 2195 865 2244 mala.

152 2262 277 2324 Quoniam
305 2260 373 2309 mille
400 2260 458 2309 anni
488 2268 545 2308 ante
610 2259 715 2322 Respice
731 2260 756 2307 in
773 2274 857 2308 servos
874 2266 931 2309 tuos
941 2260 1002 2308 etin

121 2326 205 2374 oculos
233 2333 288 2373 tuos
318 2342 324 2373 ι
347 2332 465 2388 tanquam
493 2325 545 2374 dies
576 2323 829 2387 operatuazetdirige
837 2323 902 2372 filios
910 2339 1000 2373 eonon.

118 2391 239 2448 hesterna,
254 2405 309 2453 quae
320 2390 445 2453 praeteriit,
609 2388 642 2436 Et
658 2388 690 2436 sit
705 2387 822 2451 splendor
834 2388 941 2437 Domini
955 2388 1002 2436 Dei

152 2455 185 2503 Et
204 2453 315 2502 custodia
337 2454 363 2501 in
385 2460 457 2501 nocte
472 2468 545 2516 :quae
576 2452 653 2501 nostri
668 2467 741 2515 super
751 2467 811 2512 nos,
828 2460 854 2500 et
864 2467 943 2516 opera
952 2468 1001 2501 ma·

119 2535 164 2582 pro
172 2518 384 2576 nihilohabentur,
395 2533 480 2566 eorum
487 2519 545 2565 anni
575 2532 651 2565 nuum
672 2524 810 2564 nostrarum
829 2517 910 2580 dirige
932 2532 1004 2581 super

119 2591 196 2632 erunt.
576 2597 621 2630 nos
636 2588 678 2629 :et
695 2595 757 2644 opus
774 2596 893 2629 manuum
910 2591 1002 2630 nostra-

152 2649 229 2696 Mane
250 2646 313 2695 sicut
332 2646 408 2695 herba
427 2652 542 2705 transeat,
576 2661 630 2693 rum
641 2645 725 2708 dirige.

120 2729 191 2761 mane
208 2712 294 2760 floreat
311 2718 335 2759 et
351 2717 458 2759 transeat
473 2728 479 2758 :
492 2726 544 2759 ves-

119 2793 177 2840 pere
193 2776 298 2834 decidat,
318 2776 422 2834 induret,
440 2782 464 2823 et
481 2791 544 2823 ares·

119 2851 164 2890 cat.
681 2839 810 2888 Psnnrrus
828 2838 899 2888 XCI.

151 2906 217 2968 Quia
232 2905 366 2954 defecimus
386 2905 411 2952 in
427 2905 464 2952 ira
479 2910 522 2951 tua
537 2922 542 2952 :

118 2981 142 3018 et
153 2971 180 3019 in
190 2969 271 3018 furore
281 2976 325 3018 tuo
337 2969 428 3018 turbati
439 2984 529 3016 sumus.
649 2965 688 3014 UI
710 2964 807 3014 habitat
828 2965 855 3013 in
880 2964 1001 3029 adjutorio

151 3033 257 3083 Posuisti
283 3034 425 3098 iniquitates
448 3038 543 3080 nostras
667 3029 840 3078 Aitissimizin
849 3031 1000 3093 protectione
1039 3042 1044 3051 “

117 3100 143 3146 in
171 3104 303 3162 conspeetu
331 3105 373 3145 tuo
399 3115 405 3145 ε
427 3097 543 3145 saeculum
666 3094 714 3144 Dei
729 3094 785 3143 coeli
797 3095 995 3143 commorabitur.

174 3161 226 3222 276
