2092 3450
10 164 13 197 ι
65 127 125 175 Dies
143 127 201 175 Vll.
453 114 562 180 {Quinti
826 108 870 156 fid
880 108 942 154 Μαί.

10 376 17 427 i

549 283 653 332 Diserte
674 298 690 331 a
708 281 775 332 melo
797 290 822 331 et
840 283 879 331 fac
897 285 941 331 bo·

136 376 267 426 snmus
283 372 410 424 xxxiv.
516 363 577 396 num
591 365 598 396 =
611 347 707 413 inquire
718 362 813 412 racem,
827 354 851 396 et
862 363 942 411 perse-

517 428 592 477 quere
602 427 664 461 eam.

122 475 317 528 ENEDICAM
348 474 486 524 Dominum
550 476 624 527 Oculi
640 475 743 525 Domini
756 491 830 539 super
842 474 942 538 justos:

138 542 166 591 in
173 541 241 591 omni
248 548 359 604 tempore
372 554 486 602 :semper
517 548 541 590 et
553 556 623 590 aures
634 541 686 604 ejus
697 541 724 589 in
734 555 819 604 preces
831 555 921 588 eorum.

59 606 114 656 laus
125 607 179 656 e'us
189 607 269 655 inore
279 620 342 654 meo.
549 604 639 654 Vultus
650 611 733 654 autem
749 604 853 654 Domini
870 619 942 667 super

92 671 125 720 In
163 670 247 720 omino
255 666 486 718 laudabituranima
516 669 633 718 facientes
649 669 716 717 mala
738 677 791 718 :ut
807 669 894 732 perdat
910 669 942 716 de

10 773 15 785 .
60 751 117 785 mea
135 752 142 786 ε
159 735 261 784 audiant
277 733 398 782 mansueti
409 739 434 781 et
444 731 486 780 lae·
516 742 580 783 terra
591 734 735 782 memoriam
746 748 838 782 eorum.

61 807 149 849 tentur.
550 798 725 847 Clamaverunt
736 796 803 860 justi,
818 803 843 846 et
854 796 942 845 Domi·

92 862 255 927 Magnificam
276 861 414 910 Dominum
435 875 486 909 me·
517 879 563 912 nus
574 862 698 911 exaudivit
709 877 752 910 eos
766 880 772 911 ι
786 868 811 910 et
822 877 853 910 ex
863 864 942 909 omni·
1005 896 1008 900 -

61 943 117 976 cum
132 935 176 978 ret
184 927 318 976 exaltemus
327 924 487 988 Nomenejus
517 928 563 976 bus
584 926 783 975 tribulationibus
804 941 889 974 eorum
914 925 942 973 li·

60 992 214 1056 inidipsum.
517 992 611 1041 beravit
623 1006 672 1040 eos.

92 1055 223 1125 Exquisivi
241 1055 386 1114 Dominum,
405 1059 430 1102 et
446 1068 486 1101 ex·
548 1056 624 1120 Juxta
645 1062 683 1104 est
700 1054 823 1103 Dominus
842 1054 880 1113 iis,
899 1054 942 1116 qui

61 1121 156 1169 audivit
177 1135 218 1169 me
244 1137 250 1169 ε
272 1125 298 1168 et
319 1134 350 1167 ex
372 1117 487 1166 omnibus
518 1120 635 1169 tribulato
657 1125 713 1168 sunt
733 1119 807 1168 corde
827 1136 834 1168 ε
853 1125 878 1167 et
896 1118 932 1167 hu

61 1185 261 1235 tribulationibus
298 1183 359 1232 meis
398 1183 487 1246 eripuit
517 1185 589 1233 miles
601 1183 687 1248 spiritu
698 1183 809 1232 salvabit.

61 1264 107 1298 me.
551 1249 639 1297 Multae
668 1247 838 1296 tribulationes
865 1246 942 1309 justo·

10 1354 13 1367 ,
91 1313 215 1363 Accedite
229 1312 261 1362 ad
277 1327 341 1371 eum,
356 1317 380 1360 et
397 1310 487 1359 illumi·
517 1329 572 1362 rum
587 1320 629 1362 :et
638 1311 669 1360 de
680 1312 794 1360 omnibus
805 1311 844 1360 his
855 1311 942 1359 libera-

61 1377 155 1427 numini
176 1395 183 1427 ε
202 1383 228 1427 et
244 1377 317 1425 facies
333 1383 420 1425 vestrae
436 1391 488 1424 non
517 1378 554 1427 bit
565 1392 607 1426 eos
619 1377 748 1425 Dominus.

61 1442 248 1491 confundentur.
551 1441 666 1490 Custodit
701 1439 824 1488 Dominus
859 1439 943 1488 omnia

93 1505 145 1556 Iste
158 1521 253 1570 pauper
263 1504 384 1564 clamavit,
398 1510 423 1553 et
434 1503 487 1552 Do·
518 1521 573 1556 ossa
583 1521 669 1554 eorum
688 1521 694 1554 ι
712 1503 943 1553 unumexhisnon

61 1571 143 1620 minus
162 1569 287 1620 exaudivit
306 1585 362 1618 eum
386 1573 441 1617 :et'
455 1568 487 1616 de
518 1577 662 1620 conteretur.

62 1635 178 1701 omnibus
207 1632 404 1684 tribulationibus
435 1632 487 1695 ejus
550 1635 620 1684 Mors
636 1639 793 1698 peccatorum
812 1635 943 1695 pessima:

61 1699 167 1748 salvavit
177 1714 241 1748 eum.
518 1705 543 1748 et
564 1699 607 1763 qui
629 1698 734 1748 oderunt
753 1697 847 1760 justum
865 1696 943 1744 delin-

93 1763 217 1812 Immittet
229 1762 330 1826 angelus
346 1761 450 1810 Domini
461 1761 488 1809 in
519 1769 600 1828 quent.

62 1827 166 1877 circuitu
188 1828 328 1876 timentium
350 1841 407 1875 eum
432 1842 439 1874 ε
463 1831 487 1874 et
551 1827 667 1876 Redimet
697 1824 821 1874 Dominus
850 1825 944 1874 animas

62 1892 96 1942 eui
115 1892 151 1941 iet
161 1906 211 1941 eos.
519 1906 643 1941 servorum
660 1904 759 1939 suorum
779 1907 785 1938 ε
802 1894 827 1938 et
840 1904 890 1937 non
902 1889 943 1937 de·

119 1963 208 2015 ustate,
228 1961 253 2005 et
271 1955 352 2004 videte
371 1954 488 2018 quoniam
519 1956 631 2020 linquent
648 1953 787 2017 omnesqui
803 1961 902 2016 sperant
918 1953 944 2001 in

62 2019 322 2070 suavisestDominus
337 2019 440 2068 :beatus
452 2018 489 2066 vir
519 2036 556 2069 eo.

62 2084 106 2149 qui
116 2083 285 2148 speratineo.

95 2148 196 2225 Timete
230 2147 367 2223 Dominum
403 2161 489 2195 omnes

62 2220 143 2288 ΨΦ
158 2227 210 2288 ⁰2¹⁸
229 2227 371 2325 ²2¹⁰¹¹¹¹¹¹¹
386 2226 438 2259 ¹⁰¹¹
453 2218 490 2259 ⁶⁵¹
534 2240 602 2287 bns
617 2237 701 2294 vit?
715 2235 754 2287 an
766 2233 925 2294 matutinas.

63 2293 106 2327 uro
125 2292 150 2325 ra
160 2283 256 2326 trmeutr
274 2292 304 2325 us
314 2291 377 2326 eum

125 2341 195 2390 'vites
216 2347 334 2405 eguerunt
355 2346 380 2388 et
402 2339 490 2388 esurie·
937 2383 957 2416 ἦ

63 2412 121 2455 runt
141 2423 148 2455 r
167 2405 317 2469 inquirentes
336 2412 418 2452 autem
437 2403 490 2452 Do·
605 2419 733 2468 pmmus
750 2416 856 2467 XXXV,

64 2471 160 2519 minum
186 2484 237 2519 non
261 2471 402 2518 minuentur
423 2467 490 2516 omni

64 2535 139 2583 bono.
562 2533 684 2591 UDICA,
699 2532 815 2591 Domine,
830 2537 946 2579 nocentes

97 2597 189 2648 Venite
204 2597 258 2657 filii,
277 2597 361 2647 audite
376 2613 417 2647 me
437 2614 443 2646 ι
461 2597 491 2645 ti·
576 2613 617 2646 me
632 2612 763 2661 :expugna
774 2596 947 2659 impugnantes

64 2677 160 2712 morem
172 2661 276 2712 Domini
286 2662 382 2712 docebo
392 2676 443 2712 vos
580 2677 627 2711 me.

98 2726 162 2790 Quis
178 2735 215 2775 est
230 2727 307 2776 homo
325 2727 367 2790 qui
384 2728 437 2775 vult
455 2725 490 2774 vi·
555 2725 722 2790 Apprehende
729 2739 797 2773 arma
804 2729 828 2772 et
834 2729 946 2771 scutum:

66 2797 118 2840 tam
140 2790 247 2855 :diligit
268 2791 321 2840 dies
342 2790 426 2840 videre
446 2789 491 2838 bo·
523 2798 548 2840 et
559 2805 660 2853 exsurge
671 2790 697 2837 in
708 2788 857 2851 adjutorium
865 2786 933 2836 mihi.

66 2856 131 2904 nos?
556 2855 663 2903 Effunde
689 2853 814 2911 frameam,
844 2858 869 2899 et
890 2866 948 2900 con-

100 2919 208 2969 Prohibe
238 2918 348 2982 linguam
379 2927 447 2968 tuam
477 2934 493 2967 a
524 2918 596 2968 clude
614 2918 730 2967 adversus
749 2931 791 2964 eos
808 2916 851 2979 qui
867 2931 948 2979 perse·

67 2983 134 3033 malo
153 3001 161 3033 r
177 2991 202 3033 et
212 2983 280 3033 labia
290 2992 334 3033 tua
344 2998 375 3033 ne
389 2983 491 3049 loquan·
524 2989 632 3097 guuntur
642 2995 683 3029 me
702 2999 708 3030 ε
725 2981 766 3029 dic
777 2980 865 3029 animae
876 2995 945 3039 meae,

67 3047 210 3098 turdolum.
546 3046 598 3096 alus
608 3053 651 3095 tua
662 3060 709 3110 ego
718 3060 780 3095 sum.

131 3121 179 3176 235
