2092 3450
356 183 428 239 dibu
446 180 538 238 §attur
556 173 755 236 titubationis.

116 317 161 370 bis
178 318 325 371 thesauros
340 315 369 369 in
388 315 475 369 coelo:
493 313 542 369 ubi
609 312 664 382 Qui
675 329 759 382 parce
775 310 903 378 seminat,
916 325 1001 379 parce

117 404 208 457 neque
220 403 314 455 aerugo
331 402 384 439 nec
401 385 478 438 tinea
496 385 542 438 de·
573 392 601 437 et
612 392 713 447 metet;
732 392 759 436 et
771 383 819 451 qui
837 380 959 435 seminat
970 381 1001 432 in

117 458 237 524 molitur,
261 466 289 510 et
312 455 360 509 uhi
383 454 458 508 sures
484 471 543 508 non
573 450 1000 518 benedictionibus,debenedic-

117 527 252 581 effodiunt
269 541 322 579 nec
341 524 475 578 furantur.
515 525 542 576 S.
573 522 697 576 tionibus
719 532 746 576 et
769 524 874 575 metet.'
904 521 1001 574 Unus·

119 599 203 654 Matt.
217 598 253 652 vi.
271 611 310 666 19,
325 612 366 650 20.
574 594 692 662 quisque
707 601 789 661 prout
807 589 959 644 destinavit
970 590 1001 642 in

153 659 258 712 Omnia
276 675 339 728 quae
356 658 440 711 vultis
456 666 486 711 ut
503 656 543 710 fa·
575 663 659 716 corde
677 679 736 728 suo,
751 677 808 714 non
827 678 860 714 ex
877 658 1000 727 tristitia,

117 729 193 782 ciant
204 729 285 782 vobis
302 728 439 795 homines,
452 738 480 782 et
492 744 542 780 vos
574 742 622 785 aut
635 749 668 785 ex
680 731 864 784 necessitate:
882 729 1001 783 hilarem

117 799 200 852 facite
224 799 292 851 illis:
317 798 380 851 haec
404 807 447 851 est
468 798 544 851 enim
574 802 650 855 enim
665 802 792 855 datorem
807 800 898 868 diligit
912 800 998 852 Deus

120 871 176 922 Lex
186 877 213 922 et
227 869 381 937 Prophetae.
419 871 445 923 S.
462 869 544 922 Matt.
573 890 588 927 2
604 876 665 930 Cor.
680 873 714 928 ix.
728 871 754 942 6,
768 884 791 938 7.

120 942 164 996 vii
182 956 221 996 12.
611 939 804 994 communicet
822 938 846 991 is
865 938 912 1007 qui
925 946 1001 991 cate-

154 1008 221 1061 Non
231 1007 322 1061 omnis
332 1007 379 1076 qui
389 1007 457 1060 dicit
466 1007 543 1073 mihi,
575 1011 697 1064 chizatur
709 1010 794 1063 verbo
813 1009 837 1062 ei
850 1008 898 1077 qui
912 1023 944 1060 se
956 1024 1002 1060 ca-

119 1078 249 1144 Domine,
275 1078 405 1144 Domine,
429 1077 544 1130 intrabit
575 1081 701 1147 techizat,
713 1080 742 1132 in
760 1078 891 1132 omnibus
909 1077 1001 1131 bonis.

118 1147 147 1200 in
172 1164 289 1215 regnum
316 1147 465 1201 coelorum:
494 1147 543 1199 sed
577 1151 671 1204 Nolite
681 1166 780 1216 errare,
791 1150 869 1201 Deus
877 1147 1002 1201 nonirri-

118 1217 164 1286 qui
182 1216 249 1270 facit
261 1218 434 1270 voluntatem
454 1217 544 1270 Patris
575 1221 670 1273 detur:
694 1235 758 1288 quae
782 1217 857 1271 enim
881 1216 1002 1270 semina-

117 1286 172 1339 mei
194 1287 290 1356 quiin
312 1287 390 1340 coelis
412 1296 463 1361 est,
484 1287 544 1355 ipse
574 1291 645 1343 verit
662 1290 756 1355 homo,
773 1289 836 1341 haec
857 1294 885 1340 et
905 1295 1000 1341 metet

117 1357 240 1410 intrabit.
290 1354 317 1408 S.
332 1353 413 1407 Matt.
426 1351 472 1405 vir.
487 1365 528 1404 21.
574 1360 637 1416 Gal,
650 1361 685 1414 vj,
699 1359 724 1428 6,
738 1374 763 1428 7,
776 1359 800 1414 8,

155 1427 239 1479 Stans
265 1434 359 1479 autem
385 1426 544 1489 Zacchaeus
612 1431 689 1482 Dum
715 1437 826 1496 tempus
854 1425 1001 1491 habemus,

117 1496 185 1548 dixit
198 1497 235 1548 ad
246 1496 408 1563 Dominum,
419 1496 494 1548 Ecce
506 1496 546 1548 di·
577 1515 722 1567 operemur
728 1498 833 1550 bonum
841 1496 878 1549 ad
887 1511 1001 1548 omnes:

118 1566 236 1618 midium
253 1566 392 1618 bonorum
410 1581 544 1633 meorum,
576 1569 696 1621 maxime
717 1576 812 1620 autem
832 1566 869 1619 ad
890 1566 1002 1619 domes-

120 1636 250 1701 Domine,
282 1636 318 1688 do
361 1635 544 1704 pauperibus:
576 1639 646 1692 ticos
659 1638 731 1690 fidei.
776 1630 837 1685 Gal
852 1629 887 1683 vi·
905 1643 945 1683 10.

119 1715 145 1758 et
163 1706 186 1758 si
211 1705 277 1774 quid
295 1705 414 1773 aliquem
437 1704 544 1758 defrau-
611 1711 664 1762 Est
677 1716 799 1776 quaestus
812 1721 932 1772 magnus
944 1704 1002 1773 pie·

119 1776 192 1841 davi,
200 1775 287 1828 reddo
301 1775 492 1844 quadruplum.
520 1775 547 1827 S.
575 1787 627 1844 tas,
647 1795 710 1830 cum
729 1776 909 1829 sufficientia:
931 1774 1002 1827 nihil

124 1848 188 1900 Luc.
204 1845 256 1901 xix.
272 1846 296 1901 8.
576 1849 650 1900 enim
659 1846 800 1899 intulimus
809 1846 1002 1898 inhuncmun-

154 1914 224 1981 Quis
243 1915 344 1967 militat
366 1915 422 1967 suis
441 1914 544 1983 stipen-
575 1918 659 1981 dum;
684 1917 760 1969 haud
784 1916 901 1968 dubium
925 1914 1002 1983 quod

119 1984 172 2036 diis
182 1985 325 2053 unquam?
356 1984 425 2051 Quis
435 1985 544 2053 plantat
575 2003 626 2040 nec
639 1986 746 2039 auferre
758 1985 824 2054 quid
842 2000 1000 2053 possumus.

117 2055 237 2120 vineam,
246 2064 273 2107 et
281 2055 315 2106 de
323 2055 412 2107 fructu
421 2054 479 2122 ejus
487 2072 544 2107 non
576 2071 585 2109 1
602 2054 674 2109 Tim.
688 2054 723 2107 vi
737 2053 763 2121 6,
777 2067 800 2120 7.

119 2124 194 2176 edit?
231 2123 300 2190 Quis
313 2125 403 2192 pascit
421 2141 543 2191 gregem,
612 2126 754 2179 Divitibus
788 2124 870 2191 hujus
905 2122 1001 2176 saeculi

119 2202 145 2245 et
158 2193 192 2245 de
205 2194 277 2246 lacte
288 2194 380 2261 gregis
393 2211 450 2246 non
466 2211 544 2246 man·
575 2196 696 2264 praecipe
703 2195 784 2247 facile
792 2195 920 2259 tribuere,
926 2209 1002 2246 corn·

119 2263 222 2315 ducat?
269 2262 359 2314 1C0r.
374 2259 407 2312 ix·
422 2272 446 2324 7·
575 2266 731 2318 municare:
750 2263 1001 2316 thesaurizaresibi

155 2333 185 2385 Si
209 2349 262 2385 nos
286 2333 366 2385 vobis
391 2333 544 2401 spiritualia
575 2335 787 2388 fundamentum
799 2334 905 2386 bonum
918 2333 948 2385 in
959 2331 1002 2384 su·

120 2402 326 2464 seminavimus,
347 2420 480 2470 magnum
502 2412 544 2456 est
575 2416 676 2469 turum,
689 2414 719 2457 ut
731 2403 944 2474 apprehendant
956 2418 1002 2455 ve-

120 2472 143 2524 si
155 2488 207 2524 nos
220 2472 343 2524 camalia
352 2482 445 2525 vestra
456 2482 543 2526 meta·
575 2492 636 2527 ram
651 2475 746 2526 vitam.
791 2480 801 2519 1
818 2466 890 2518 Tim.
905 2481 940 2517 νι.
959 2475 1000 2529 17,

120 2541 201 2593 mus?
246 2538 440 2594 1Cor.ix.11.
577 2539 671 2608 18,19.

157 2611 279 2663 Nescitis
298 2612 431 2679 quoniam
448 2612 495 2680 qui
515 2612 543 2664 in
612 2615 678 2666 Non
691 2613 765 2665 enim
777 2611 896 2679 injustus
914 2612 1002 2676 DeuS,

121 2681 242 2733 sacrario
261 2691 417 2749 operantur,
430 2699 493 2749 quae
509 2682 544 2735 de
575 2693 605 2736 ut
618 2683 798 2735 obliviscatur
808 2682 899 2750 operis
907 2681 1001 2746 vestri,

121 2751 242 2802 sacrario
255 2760 319 2803 sunt
338 2751 437 2804 edunt:
457 2753 543 2820 etqui
575 2762 602 2805 et
624 2752 780 2805 dilectionis
800 2768 885 2820 quam
909 2759 1003 2804 osten-

121 2821 200 2873 altari
213 2821 380 2886 deserviunt,
390 2838 454 2873 cum
463 2822 543 2874 altari
575 2823 655 2875 distis
668 2823 696 2874 in
711 2822 832 2874 Nomine
845 2821 941 2888 ipsius,
953 2819 1003 2888 qui

120 2891 307 2958 participant?
321 2891 544 2944 ItaetDominus
574 2893 754 2945 ministrastis
767 2891 880 2957 sanctis,
891 2899 918 2944 et
930 2890 1002 2943 min·

121 2960 544 3028 ordinavitiisquiEvangelium
575 2962 687 3015 istratis
735 2966 809 3020 Heb.
823 2964 858 3017 vi.
876 2978 915 3017 10.

121 3029 288 3082 annuntiant
298 3030 333 3083 de
341 3030 495 3098 Evangelio
504 3030 544 3083 vi·
611 3031 808 3084 Beneficentiae
843 3039 937 3082 autem
974 3039 1000 3083 et

122 3113 192 3150 vere·
214 3088 486 3216 61C0r.ix.13,14.
576 3101 780 3155 communionis
813 3100 899 3154 nolite
932 3100 1001 3153 obli-

183 3180 213 3227 14
