2092 3450
54 197 113 244 Dies
125 197 215 244 XXX
440 186 549 252 {bellini
615 242 618 248 ζ
812 184 856 231 Ad
870 183 934 242 Vesp·

56 317 134 366 coelos
160 324 224 378 sunt,
253 318 355 368 laudent
381 318 483 368 Nomen
514 319 775 384 choroeintympano
786 328 810 370 et
821 321 936 386 psalterio

56 381 167 432 Domini.
513 384 620 449 psallant
630 384 672 435 ei:

89 445 157 508 Quia
182 445 236 511 ipse
265 447 335 508 dixit,
366 455 391 497 et
417 447 482 497 facta
546 448 613 511 Quia
630 449 695 498 bene
712 448 812 498 lacitum
832 457 868 499 est
885 451 937 498 Do·

50 516 114 576 ¹sunt
128 528 135 560 z
151 511 205 575 ipse
216 511 351 573 mandavit,
366 519 390 561 et
401 519 483 562 creata
513 512 680 578 minoinpop
707 522 833 564 osuozet
847 515 937 563 exalta·

56 581 120 624 sunt.
513 578 550 626 bit
561 586 702 627 mansuetos
712 578 739 626 in
750 577 862 627 salutem.

89 639 183 688 Statuit
194 655 224 689 ea
238 640 263 689 in
279 646 406 700 aeternum,
421 649 446 690 et
456 640 482 690 in
546 642 830 692 Exsultabuntsanetiin
841 642 936 706 gloria:

56 703 175 752 saeculum
196 704 280 754 saeculi
303 723 310 755 z
331 713 482 770 praeceptum
513 704 897 757 laetabunturincubilibussuis.

55 768 148 832 posuit,
162 774 188 817 et
197 784 248 817 non
257 770 400 833 praeteribit
546 771 715 820 Exaltationes
731 769 780 820 Dei
797 771 824 818 in
840 778 938 834 gutture

89 831 203 882 Laudate
214 832 350 882 Dominum
358 835 390 883 de
401 841 482 883 terra:
514 850 620 884 eorum:
637 843 661 884 et
679 835 757 898 gladii
776 836 895 900 ancipites
912 836 938 884 in

56 895 185 957 dracones,
198 905 223 946 et
234 912 319 947 omnes
330 898 418 962 abyssi.
514 899 627 948 manibus
638 915 740 948 eorumz

90 960 167 1023 Ignis,
188 962 291 1024 grando,
312 962 362 1022 nix,
381 962 480 1026 glacies,
547 963 590 1011 Ad
607 962 745 1012 faciendam
760 964 895 1013 vindictam
911 965 937 1012 in

56 1025 157 1100 spiritus
175 1025 338 1138 procellarum
353 1045 360 1076 a
376 1043 432 1092 quae
447 1028 483 1076 sa·
513 1028 654 1077 nationibus
674 1045 681 1078 ε
705 1028 885 1092 increpationes
911 1029 937 1077 in

57 1095 127 1138 crunt
136 1105 180 1138 ver
197 1105 240 1138 um
251 1090 309 1155 ejus.
513 1091 619 1156 populis.
849 1105 852 1109 ’

89 1154 199 1213 Montes,
224 1161 249 1204 et
273 1171 359 1205 omnes
380 1155 455 1205 colles
476 1173 482 1205 ι
546 1156 588 1205 Ad
608 1155 746 1220 alligandos
765 1171 834 1221 reges
853 1172 938 1205 eorum

56 1218 126 1282 ligna
135 1217 265 1278 fructifera,
277 1226 302 1268 et
309 1235 394 1269 omnes
405 1220 479 1269 cedri.
513 1220 540 1268 in
551 1221 711 1285 compedibus
726 1239 732 1271 ε
749 1229 774 1270 et
784 1221 880 1270 nobiles
897 1237 938 1270 eo·

90 1283 188 1344 Bestiae,
206 1291 231 1332 et
246 1284 359 1333 universa
374 1299 482 1348 pecora:
513 1301 568 1334 rum
579 1285 605 1333 in
616 1285 718 1334 manicis
729 1285 819 1335 ferreis.

56 1362 84 1397 se
115 1353 191 1407 entes,
201 1348 343 1397 etvolucres
351 1356 482 1412 pennatae:
548 1349 584 1400 Ut
605 1349 696 1398 saciant
714 1350 741 1398 in
762 1350 798 1399 eis
816 1349 938 1414 judicium

116 1427 174 1475 eges
192 1419 269 1472 terrae,
292 1418 317 1461 et
335 1428 420 1462 omnes
438 1428 482 1477 po·
514 1413 678 1478 conscriptum
700 1431 706 1463 :
728 1413 808 1477 gloria
825 1414 879 1462 haee
901 1421 937 1463 est

56 1475 110 1540 puli
129 1477 276 1541 :principes
297 1484 322 1526 et
341 1493 426 1527 omnes
443 1478 481 1540 ju·
513 1478 628 1527 omnibus
635 1478 725 1527 sanetis
734 1478 792 1542 ejus.
818 1477 933 1528 Alleluia.

55 1541 125 1589 dices
136 1547 214 1590 terrae.
785 1560 786 1564 ¹

87 1605 196 1668 Juvenes
223 1612 248 1654 et
273 1605 387 1668 virgines,
412 1622 483 1656 senes

56 1684 114 1717 cum
118 1668 264 1732 junioribus,
273 1668 374 1719 laudent
382 1671 483 1721 Nomen
626 1673 756 1722 Psamws
774 1672 826 1722 CL.

56 1732 187 1784 Domini:
208 1734 268 1798 quia
289 1734 422 1784 exaltatum
446 1742 483 1784 est
1004 1786 1007 1791 .

56 1798 159 1847 Nomen
170 1797 222 1862 ejus
232 1798 315 1848 solius.
558 1798 712 1848 AUDATE
746 1797 881 1848 Dominum
911 1800 936 1847 in

90 1861 220 1912 Confessio
236 1863 288 1926 ejus
304 1879 378 1928 super
392 1864 482 1913 coelum
599 1863 689 1912 sanctis
696 1863 748 1926 ejus
760 1862 875 1912 :laudate
882 1880 938 1912 eum

56 1932 83 1975 et
100 1933 192 2002 terram
211 1945 217 1977 ι
234 1935 259 1976 et
275 1928 391 1977 exaltavit
406 1944 483 1978 cornu
513 1927 539 1975 in
550 1925 705 1976 firmamento
718 1927 812 2003 virtutis
824 1927 889 2003 ejus.⁴

56 1991 208 2118 poiluydinsdds
243 2057 357 2106 omnibus
392 2057 482 2106 sanctis
513 1991 787 2118 ejulsaddldiuedaidnduid
804 1993 938 2106 svercrylffilyiyy

56 2118 133 2182 ejus:
153 2118 210 2169 filiis
226 2120 309 2181 Israel,
328 2121 422 2185 poulo
438 2137 481 2186 ap·
512 2119 696 2169 multitudinem
761 2121 937 2184 magnitudinis

56 2184 234 2248 propinquanti
244 2185 300 2234 sibi.
335 2137 451 2234 Aiieluia.
513 2184 572 2247 ejus.

546 2248 658 2297 Laudare
669 2265 725 2298 eum
740 2249 765 2297 in
777 2265 839 2299 sono
855 2251 938 2299 tubaet

513 2312 613 2362 laudate
639 2329 696 2362 eum
723 2314 749 2362 in
775 2314 891 2378 psalterio
913 2322 937 2362 et

136 2379 266 2427 Psannus
284 2379 403 2429 CXLIX.
513 2377 614 2426 cithara

546 2441 658 2491 Laudate
674 2457 731 2491 enm
746 2443 772 2490 iri
784 2449 902 2506 tympano
913 2449 937 2491 et

117 2504 267 2554 ANTATE
284 2503 393 2555 Domino
406 2506 482 2554 canti·
514 2506 590 2555 choro
602 2524 608 2556 ε
620 2506 718 2555 laudate
727 2521 783 2556 eum
791 2508 818 2555 in
829 2506 934 2565 chordis,

149 2584 206 2618 cum
224 2584 317 2618 novum
334 2587 341 2620 r
358 2569 411 2620 laus
431 2570 483 2634 ejus
514 2577 538 2619 et
549 2586 648 2634 organo.

55 2634 82 2682 in
93 2632 198 2683 ecclesia
208 2641 355 2684 sanctorum.
546 2635 659 2684 Laudate
687 2650 743 2684 eum
769 2634 795 2683 in
821 2634 938 2697 cymbalis

88 2698 200 2747 Laetetur
225 2698 302 2747 Isra'el
328 2698 355 2747 in
382 2714 413 2748 eo
439 2698 483 2764 qui
512 2699 739 2758 benesonantibns3
761 2697 860 2748 laudate
882 2715 938 2747 eum

55 2761 114 2811 iecit
131 2777 206 2812 eum:
223 2769 248 2812 et
263 2762 309 2812 filii
325 2762 388 2813 Sion
403 2763 482 2813 exsul·
513 2763 539 2811 in
551 2763 670 2826 cymbalis
678 2762 832 2825 jubilationis
843 2763 938 2811 :omnis

55 2830 109 2875 t'ent
120 2826 191 2890 Rege
201 2841 253 2876 suo.
513 2827 612 2891 spiritus
620 2827 704 2876 laudet
714 2827 856 2876 Dominum.
893 2826 938 2875 Al·

89 2891 203 2941 Laudent
234 2890 334 2941 Nomen
370 2891 421 2956 ejus
456 2891 481 2940 in
512 2891 593 2942 leluia
