2040 3458
279 165 351 223 lma
368 166 454 224 ilatiu
471 169 529 234 nat
544 165 716 232 itomanam.

61 331 166 394 genitum
184 330 276 379 daret:
299 335 328 379 ut
344 333 424 379 omnis
442 332 486 394 qul
519 331 601 380 cinmt
620 330 680 395 quia
694 330 738 379 lux
749 331 817 380 venit
832 332 858 380 in
873 347 943 382 mun·

62 396 249 455 croditineum,
269 410 320 443 uon
336 401 427 458 pereat,
441 394 486 443 sed
517 395 585 454 dum,
616 402 641 445 et
667 395 805 445 dilexerunt
831 397 944 446 homines

61 459 146 508 habeat
163 460 245 508 vitam
263 466 387 508 aeternam.
424 459 486 507 Non
517 460 596 522 magis
615 460 729 509 tenebras
751 475 825 523 quam
844 459 943 510 lucem:

61 524 120 572 enim
131 524 201 573 misit
218 524 289 572 Deus
305 523 398 571 Filium
413 539 486 572 suum
517 531 586 572 erant
598 524 663 572 enirn
680 539 765 572 eorum
781 525 940 589 malaopera

61 587 84 636 in
98 589 231 647 mundum,
252 594 280 636 ut
299 585 392 650 judicet
413 603 485 635 mun·
519 587 607 637 Omnis
618 589 684 637 enim
696 589 738 652 qui
745 589 810 637 male
821 589 879 652 agit,
890 589 943 638 odit

61 652 121 712 dnm,
142 653 189 701 sed
207 659 236 701 ut
253 651 361 700 salvetur
378 652 485 700 mundus
517 650 605 711 lucem,
624 659 648 702 et
663 668 714 701 non
725 653 792 702 venit
806 654 838 701 ad
851 653 939 713 lucem,

60 717 197 792 peripsum
237 715 288 778 Qui
299 716 408 764 creditin
417 731 481 775 eum,
517 722 611 764 utnon
628 724 762 780 arguantur
778 733 854 781 opera
873 718 942 781 ejus:

60 795 104 830 non
112 781 259 844 judicatur:
286 783 328 844 qui
339 787 422 829 autem
433 796 485 829 non
518 780 560 844 qui
571 788 653 829 autem
662 781 720 831 facit
727 782 863 840 veritatem,
874 783 943 831 venit

60 847 139 906 credit,
154 845 209 908 jam
222 844 346 908 judicatus
363 851 407 904 est,
426 845 486 909 quia
517 845 549 893 ad
580 845 669 905 lucem,
698 851 726 894 ut
756 846 943 895 manifestentur

59 910 196 959 noncredit
208 908 234 957 in
247 909 348 958 nomine
363 909 484 972 unigeniti
516 924 591 973 opera
608 909 668 971 ejus,
691 909 749 974 quia
766 909 792 958 in
811 911 867 960 Deo
881 916 941 961 sunt

59 973 111 1023 Filii
120 974 180 1024 Dei.
213 973 273 1022 Hoc
281 980 318 1022 est
326 980 409 1022 autem
417 973 483 1038 judi·
515 973 586 1023 facta

293 1145 365 1206 nata
375 1145 461 1204 Μία
470 1150 528 1217 pust
537 1147 702 1216 ltmtttuatm

223 1257 323 1316 oratio.
636 1270 809 1338 diacodion·

126 1364 208 1423 EUS,
233 1363 277 1428 q'ui
301 1364 351 1415 hoc
372 1369 484 1428 tempore
634 1391 651 1440 S
673 1391 745 1454 Joan·
760 1407 776 1439 x
798 1401 818 1439 1.

160 1429 239 1478 corda
264 1429 375 1478 fidelium
397 1429 484 1479 Sancti
653 1428 659 1440 '
777 1427 782 1439 '

57 1493 164 1558 Spiritus
180 1493 343 1543 illustratione
359 1494 484 1553 docuisti;
578 1492 666 1553 MEN,
687 1509 761 1542 amen
779 1493 835 1542 dico
851 1493 939 1542 vobis:

56 1557 96 1606 Da
109 1557 186 1607 nobis
200 1557 227 1606 in
242 1558 330 1607 eodem
343 1557 437 1621 Spiritu
452 1557 484 1606 de
600 1558 643 1622 qui
651 1575 702 1608 non
713 1559 788 1607 intrat
794 1574 839 1622 per
849 1558 940 1606 ostium

56 1621 172 1671 omnibus
194 1629 261 1671 recta
286 1638 379 1687 sapere,
401 1629 426 1671 et
452 1621 484 1671 de
513 1621 540 1670 in
562 1622 627 1671 ovile
649 1624 741 1683 ovium,
764 1623 807 1671 sed
830 1622 940 1670 ascendit

55 1686 107 1749 ejas
115 1702 216 1750 semper
223 1694 308 1735 sancta
315 1686 485 1735 consolatione
514 1686 620 1747 aliunde,
641 1687 683 1736 ille
702 1687 741 1735 sur
757 1694 801 1747 est,
822 1693 847 1735 et
865 1686 935 1735 latro.

54 1751 171 1814 gandera
196 1750 246 1799 Per
253 1751 484 1801 meritaSalvatoris
515 1751 565 1813 Qui
583 1758 665 1800 autem
682 1751 757 1800 intrat
776 1767 821 1815 per
838 1751 936 1810 ostium,

54 1815 133 1864 nostri
148 1815 209 1879 Jesu
227 1814 326 1877 Christi,
344 1815 387 1879 qui
402 1823 484 1864 tecum
513 1822 597 1878 pastor
608 1821 645 1864 est
656 1816 746 1865 ovium.
783 1815 852 1864 Huic
866 1815 939 1864 ostia·

54 1879 117 1928 vivit
156 1886 181 1929 ct
212 1887 306 1942 regnat,
336 1879 363 1929 in
390 1879 485 1929 unitate
513 1880 563 1928 rius
574 1880 659 1942 aperit,
674 1886 699 1929 et
715 1895 774 1929 oves
784 1895 871 1928 vocem
887 1878 940 1941 ejus

54 1943 168 2006 ejusdem
183 1943 289 2008 Spiritus
303 1943 389 1994 Sancti
404 1944 481 2004 Deus,
514 1944 624 2003 audiunt,
638 1951 663 1992 et
676 1944 787 2008 proprias
798 1959 856 1992 oves
868 1950 940 1992 vocat

54 2023 100 2072 per
119 2008 206 2057 omnia
222 2008 313 2058 saecula
329 2008 480 2058 saeculorum
514 2009 668 2067 nominatim,
684 2016 709 2056 et
725 2008 807 2057 educit
821 2023 869 2056 eas.
906 2008 940 2056 Et

55 2075 146 2122 Amen.
515 2088 572 2120 cum
598 2073 709 2136 proprias
736 2088 795 2121 oves
822 2072 937 2131 emiserit,

125 2156 213 2214 mm
225 2169 270 2224 w
282 2154 409 2222 mimula.
515 2144 573 2185 ante
590 2152 630 2248 eats
649 2137 721 2212 vadit
729 2154 735 2185 τ
752 2144 852 2249 etovtes
869 2136 940 2184 illum

183 2249 240 2299 Aet.
254 2249 305 2299 vu
322 2261 358 2311 14
515 2216 940 2328 {tltffiluffillltil

118 2325 175 2374 UM
211 2325 338 2375 audissent
369 2325 482 2390 apostoli,
516 2336 630 2393 quuntur,
656 2329 699 2378 sed
721 2329 817 2392 fugiunt
839 2329 871 2378 ab
893 2344 940 2378 eo:

150 2388 194 2454 qui
221 2397 290 2438 erant
315 2389 483 2454 Jerosolymis,
515 2394 574 2457 quia
611 2410 662 2443 non
696 2401 816 2442 noverunt
854 2408 941 2442 vocem

57 2452 128 2518 quod
148 2453 280 2518 recepisset
302 2455 414 2504 Samaria
432 2471 486 2503 ver·
516 2458 658 2507 alienorum.
704 2458 763 2507 Hoc
783 2458 941 2522 proverbium

57 2519 120 2566 bum
147 2518 204 2578 Dei,
237 2519 356 2568 miserunt
383 2520 416 2568 ad
443 2534 486 2568 eos
516 2523 578 2570 dixit
590 2522 625 2570 eis
637 2523 719 2586 Jesus:
741 2522 778 2570 illi
791 2530 873 2569 autern
890 2535 941 2568 non

58 2583 161 2632 Petrum
169 2589 193 2631 et
203 2583 332 2646 Joannem.
369 2584 486 2647 Quicum
516 2594 684 2650 cognoverunt
711 2587 771 2650 quid
802 2586 942 2648 loqueretur

57 2646 190 2706 venissent,
214 2655 343 2697 oraverunt
362 2664 408 2713 pro
425 2648 486 2712 ipsis
517 2651 557 2699 eis.
608 2651 678 2701 Dixit
705 2667 764 2714 ergo
791 2651 826 2699 eis
852 2650 941 2697 iterum

57 2719 85 2759 ut
107 2711 249 2775 acciperent
270 2712 390 2776 Spiritum
409 2713 487 2762 Sanc·
514 2716 600 2779 Jesus:
619 2716 709 2774 Amen,
719 2730 791 2763 amen
798 2714 854 2762 dico
861 2711 938 2771 vobis,

58 2782 130 2824 tum:
154 2776 344 2825 nondumenim
360 2777 387 2826 in
417 2793 486 2825 uem·
517 2779 575 2842 quia
594 2795 641 2842 ego
658 2795 712 2828 sum
735 2779 825 2827 ostium
847 2777 938 2824 ovium.

58 2855 135 2904 quam
145 2840 246 2889 illorum
256 2848 364 2900 venerat,
373 2793 417 2890 sed
425 2842 486 2904 bap·
518 2844 612 2892 Omnes
653 2849 774 2907 quotquot
813 2848 940 2899 venerunt,

59 2905 127 2953 tizati
145 2912 243 2953 tantum
259 2912 328 2954 erant
343 2906 370 2954 in
385 2906 487 2954 nomine
517 2907 582 2956 sures
600 2914 656 2955 sunt
674 2914 698 2956 et
716 2906 829 2962 latrones,
850 2911 874 2952 et
891 2919 942 2952 non

60 2969 165 3018 Domini
180 2970 247 3032 Jesu.
287 2969 359 3019 Tunc
374 2970 486 3033 impone·
516 2972 645 3020 andierunt
657 2986 700 3020 eos
714 2985 779 3019 oves.
817 2969 871 3032 Ego
888 2984 941 3017 sum

58 3033 121 3081 hant
152 3048 241 3081 manus
267 3049 341 3098 super
367 3034 431 3094 illos,
461 3040 487 3082 et
517 3039 614 3084 ostium
662 3035 710 3083 Per
730 3050 770 3083 me
792 3034 813 3082 si
834 3034 889 3096 quis
906 3037 942 3082 in·

59 3098 216 3161 accipiebant
228 3097 348 3162 Spiritum
357 3097 483 3148 Sanctum.
518 3099 619 3162 troierit,
639 3098 791 3149 salvabitur:
817 3105 844 3148 et
863 3098 944 3163 ingre·

123 3173 155 3222 91
