2092 3450
301 565 412 646 (lituu
458 566 739 663 ‘inspiratum

85 762 269 827 QUOTIDIE
285 764 354 814 PER
371 765 500 816 TOTUM
518 765 654 817 ANNUM
673 765 949 816 OBSERVANDUS.

84 981 116 1030 In
127 981 266 1048 principio
278 981 465 1047 Vespernrum
480 979 608 1030 Minister
618 979 693 1029 clara
704 995 772 1030 voce
787 980 857 1045 legar
873 996 956 1029 unnin

117 1052 242 1119 aliquam
255 1052 312 1102 sive
323 1052 414 1118 plures
427 1068 458 1101 ex
469 1051 564 1101 Sacra*
574 1050 725 1116 Scriptura¹
736 1051 886 1101 seruerim>
896 1069 958 1115 uun

116 1131 332 1189 consequuntur.
367 1123 404 1172 Er
415 1133 513 1189 postea
524 1121 599 1171 dicar
610 1120 685 1188 quod
697 1120 768 1170 iufra,
779 1122 829 1171 hus
841 1124 956 1171 Senten-

115 1195 168 1244 tins
183 1193 317 1260 scriptum
332 1204 380 1245 est.

136 1307 199 1362 UM
212 1307 342 1363 averterit
354 1325 385 1362 se
401 1308 503 1379 impius
534 1319 630 1362 nostro
646 1308 838 1362 misericordia
854 1316 882 1362 et
898 1325 959 1376 pro-

164 1377 503 1448 abimpietatesuaquam
534 1379 652 1448 pitiatio,
670 1378 737 1449 quia
757 1377 923 1431 recessimus
943 1395 960 1429 a

76 1455 207 1526 operatus
220 1455 271 1514 est,
284 1456 312 1503 et
322 1446 419 1502 fecerit
430 1448 503 1517 judi·
534 1457 577 1502 te:
590 1458 617 1502 et
629 1464 687 1501 non
696 1447 854 1500 audivimus
863 1463 960 1499 vocem

76 1530 152 1569 crum
166 1524 194 1570 et
208 1516 354 1585 justitiam,
367 1518 428 1587 ipse
444 1519 503 1571 ani·
537 1518 652 1571 Domini
662 1517 716 1571 Dei
724 1516 855 1583 nostri,ut
864 1517 960 1568 ambu-

76 1600 246 1640 mamsuam
258 1586 417 1642 vivificabit.
453 1582 502 1632 ΕΖ·
535 1588 656 1640 latemus
675 1587 703 1640 in
722 1587 783 1654 lege
800 1587 860 1654 ejus
876 1602 961 1656 quam

81 1661 140 1713 ech.
156 1661 228 1712 xviii.
245 1674 285 1724 27·
535 1656 729 1726 posuitnobis.
767 1665 959 1731 Dnn.i<.<),1o.

113 1723 296 1794 Iniquitatem
328 1742 422 1780 meam
451 1743 504 1795 ego
574 1726 687 1795 Corripe
704 1742 758 1794 me,
773 1725 903 1791 Domine,
916 1742 961 1777 ve-

77 1809 228 1862 cognosco,
241 1804 269 1848 et
284 1806 432 1864 peccatum
446 1814 504 1850 me·
536 1805 693 1849 rumtamen
721 1795 750 1848 in
777 1794 902 1863 judici03
934 1804 961 1847 et

77 1879 125 1917 um
143 1874 243 1918 contra
260 1881 306 1919 me
324 1874 366 1919 est
386 1882 503 1935 semper.
535 1882 592 1918 non
611 1866 640 1919 in
658 1864 749 1918 furore
767 1873 824 1931 tuo,
840 1881 876 1917 ne
892 1864 962 1917 forte

83 1936 164 1987 Psli.
183 1949 204 2001 5.
536 1934 876 2002 adnihilumredigasme.
903 1933 959 1999 Jer.

112 2002 505 2075 Avertefaciemtuamapec·
538 2018 561 2049 x·
577 2014 628 2061 243
650 2001 694 2051 ΡΒ-
710 2003 743 2051 ri.
760 2016 781 2051 2λ

77 2072 149 2125 catis
161 2073 241 2140 meis,
254 2082 282 2126 et
294 2089 392 2127 omnes
405 2074 504 2144 iniqui·
572 2072 772 2127 Poenitentiam
793 2073 885 2140 agite3
913 2090 961 2141 ap-

77 2150 151 2195 tates
161 2158 241 2196 meas
253 2142 322 2196 dele
360 2144 402 2194 Ρε.
418 2142 443 2192 ii.
463 2159 500 2193 ιι.
536 2143 732 2212 propinquavit
751 2143 826 2196 enim
845 2159 961 2210 regnum

114 2211 289 2265 Sacrificium
309 2214 372 2266 Deo
391 2213 504 2282 spiritus
535 2214 677 2266 coelorum.
714 2210 741 2260 S.
760 2209 840 2261 Mau.
855 2210 888 2261 iii.
906 2226 928 2261 2.

77 2281 291 2335 contribulatus:
301 2283 504 2336 corcontritum
571 2283 699 2350 Surgam,
709 2290 736 2335 et
748 2281 795 2335 ibo
805 2281 842 2335 ad
853 2290 962 2350 patrem

77 2359 106 2403 et
130 2350 316 2419 humiliatum,
339 2353 426 2420 Deus,
446 2369 504 2406 non
535 2368 637 2416 meum,
656 2360 683 2405 et
704 2352 798 2405 dicam
817 2352 851 2418 ei,
871 2352 961 2415 Pater,

76 2419 224 2489 despicies.
259 2424 302 2475 Ps.
318 2423 344 2475 li.
362 2439 399 2490 19.
535 2422 650 2490 peccavi
663 2422 691 2474 in
704 2422 815 2487 coelum,
826 2429 853 2474 et
866 2437 961 2473 coram

113 2489 242 2544 Scindite
259 2490 345 2544 corda
362 2500 463 2558 vestra,
476 2501 503 2545 et
535 2502 571 2555 te,
581 2491 641 2559 jam
653 2507 710 2544 non
724 2508 786 2544 sum
800 2490 902 2558 dignus
914 2505 960 2541 vo-

77 2575 135 2612 non
157 2559 328 2613 vestimenta
352 2571 454 2628 vestra,
476 2570 504 2614 et
535 2561 593 2614 cari
605 2560 760 2614 filiustuus.
792 2563 817 2614 S.
838 2564 899 2613 Luc.
918 2582 957 2615 xv.

77 2629 273 2683 convertimini
292 2629 329 2683 ad
349 2630 504 2683 Dominum
540 2631 578 2693 13,
597 2646 633 2697 19.

78 2698 318 2752 Deumvestrum:
335 2699 503 2769 quiabenig-
572 2701 638 2753 Non
663 2699 749 2753 intres
773 2698 802 2751 in
823 2695 960 2768 judicium

77 2767 503 2838 nusetmisericorsest‚patiens,
535 2786 600 2822 cum
628 2785 708 2823 servo
736 2777 793 2832 tuo,
820 2765 959 2831 Domine3

77 2846 105 2890 et
128 2838 225 2891 multae
248 2838 454 2904 misericordiae,
476 2850 503 2893 et
535 2840 602 2908 quia
624 2855 681 2891 non
709 2836 906 2906 justificabitur
931 2836 960 2889 in

76 2907 246 2976 praestabilis
277 2924 360 2977 super
387 2908 501 2962 malitia
535 2918 687 2977 conspectu
697 2916 745 2960 tuo
755 2906 846 2959 omnis
854 2906 959 2960 vivens.

78 2981 139 3048 Joel
152 2982 178 3032 ii.
197 2997 234 3049 13.
536 2981 580 3031 ΡΒ.
595 2981 675 3032 cxliii.
692 2997 712 3031 2.

113 3043 179 3098 Tibi
191 3054 287 3100 autem
301 3045 425 3100 Domino
441 3047 503 3101 Deo
571 3044 969 3122 Sidixerimusquomampec·

142 3125 172 3162 rr
