2092 3450
56 155 208 204 nussim
444 152 552 219 tasum.
810 124 933 217 aava).

56 307 227 372 probrautium
262 307 308 358 tibi
342 308 482 358 ceciderunt
514 308 649 356 tristaretur
659 313 684 356 ct
700 322 751 354 non
767 305 813 355 fuit
830 322 841 354 r·
853 311 878 354 et
893 307 937 370 qui

56 388 85 421 su
104 387 131 421 er
141 387 188 422 me
515 371 689 430 consolaretur,
703 379 728 419 et
738 386 790 419 non
800 370 889 419 inveni.

113 443 124 486 t
134 436 221 501 operui
232 436 258 484 in
266 435 361 500 jejunio
372 437 482 485 animam
547 437 580 484 Et
591 435 712 484 dedemnt
726 435 752 484 in
764 449 846 483 escam
855 449 937 482 meam

56 516 139 549 meam
154 508 198 551 ret
209 500 300 549 sactum
309 508 346 550 est
357 501 383 550 in
392 517 481 566 oppro-
515 500 565 549 fel:
586 500 648 549 etin
664 500 704 549 siti
719 515 776 548 mea
790 505 937 563 potaverunt

56 565 138 613 brium
148 565 218 614 mihi.
515 581 556 613 me
566 572 643 614 aceto.
734 582 740 595 ¹

89 629 123 678 Et
134 630 206 694 posui
216 628 388 678 vestimentum
399 645 482 678 meum
546 629 604 678 Fiat
630 643 716 677 mensa
743 643 828 677 eorum
855 642 938 677 coram

57 694 167 742 cilicium
178 711 192 743 ι.
206 700 231 742 et
241 692 319 743 factus
330 709 385 743 sum
395 693 445 743 illis
456 695 482 742 in
514 693 573 757 ipsis
584 693 611 742 in
621 693 738 757 laqueum
754 710 761 742 r
778 700 803 742 et
822 693 848 741 in
870 694 938 740 retri-

56 758 208 821 parabolam.
515 757 628 806 butiones
640 766 664 806 et
675 758 701 806 in
713 756 863 806 scandalum.

88 822 230 871 Adversum
251 839 292 871 me
319 822 482 887 loquebantur
546 822 714 871 Obscurentur
725 821 790 870 oculi
806 837 889 870 eorum
907 836 939 868 ne

56 887 99 950 qui
116 887 236 937 sedebant
255 888 280 935 in
300 895 372 951 porta
390 888 481 936 :etin
512 886 613 935 videant
639 904 645 935 :
673 893 698 934 et
725 885 826 934 dorsum
853 901 938 934 eorum

55 967 97 1000 me
122 951 262 1016 psallebant
294 952 337 1016 qui
363 951 482 1001 bibebant
514 966 613 1014 semper
624 950 730 1000 incurva

56 1016 151 1064 vinum.
546 1014 652 1064 Effimde
660 1031 733 1079 super
740 1029 782 1063 eos
789 1014 851 1062 iram
860 1022 939 1063 tuam:

88 1079 145 1142 Ego
163 1095 222 1128 vero
242 1080 378 1129 orationem
399 1096 480 1129 meam
515 1085 540 1128 et
556 1079 736 1128 luroriraetuae
747 1079 939 1144 comprehendat

57 1143 90 1192 ad
104 1151 137 1203 te,
152 1143 262 1193 Domine
276 1151 391 1209 :tempus
407 1144 481 1194 bene·
513 1159 562 1192 eos.

55 1208 150 1272 placiti,
164 1208 240 1257 Deus.
546 1208 603 1257 Fiat
611 1207 733 1256 habitatio
741 1223 825 1256 eorum
832 1207 938 1256 deserta:

88 1273 120 1321 In
133 1272 292 1322 multitudine
308 1273 481 1322 misericordia
513 1279 538 1320 et
556 1273 583 1321 in
601 1272 765 1321 tabernaculis
784 1287 869 1321 eorum
888 1287 938 1320 non

56 1343 106 1386 tuae
127 1337 217 1386 exaudi
238 1353 278 1386 me
301 1355 307 1386 ε
331 1338 357 1385 in
379 1338 482 1386 veritate
512 1337 544 1384 sit
555 1336 598 1400 qui
609 1336 738 1386 inhabitet.

55 1401 142 1450 salutis
152 1407 209 1450 tuae.
547 1400 672 1462 Quoniam
695 1416 770 1465 quem
792 1406 819 1449 tu
841 1415 939 1464 percus·

88 1465 166 1529 Eripe
187 1481 227 1514 me
248 1465 280 1514 de
302 1464 363 1524 luto,
382 1472 410 1514 ut
430 1481 481 1514 non
512 1465 572 1524 sisti,
586 1466 708 1529 persecuti
726 1472 783 1514 sunt
798 1481 804 1514 :
822 1472 847 1513 et
865 1480 938 1528 super

54 1528 145 1592 infigar
163 1529 264 1578 :libera
282 1544 323 1578 me
340 1531 372 1578 ab
389 1530 420 1578 iis
439 1531 482 1594 qui
513 1530 624 1578 dolorem
635 1529 765 1578 vulnerum
773 1544 885 1578 meorum
895 1528 939 1577 ad·

55 1594 161 1645 oderunt
182 1609 231 1654 me,
253 1600 278 1642 et
299 1593 331 1642 de
352 1594 481 1658 profundis
513 1594 635 1642 diderunt.

55 1673 184 1722 aquarum.
546 1659 656 1722 Appone
683 1658 839 1722 iniquitatem
866 1673 939 1720 super

88 1721 150 1770 Non
161 1737 201 1770 me
210 1722 335 1785 demergat
347 1729 481 1787 tempestas
513 1722 668 1786 iniquitatem
681 1739 766 1771 eorum
781 1729 824 1770 :et
835 1737 886 1770 non
903 1722 938 1769 in-

55 1801 127 1850 aquae
156 1803 162 1834 :
186 1802 267 1851 neque
288 1788 419 1836 absorbeat
440 1803 482 1836 me
513 1793 577 1834 trent
588 1787 615 1834 in
624 1787 745 1849 justitiam
756 1794 832 1836 tuam.

54 1850 482 1925 profundum3nequeurgeatsuper
545 1850 683 1900 Deleantur
704 1851 737 1900 de
764 1851 828 1899 libro
854 1850 937 1898 viven-

57 1930 98 1963 me
109 1921 199 1979 puteus
210 1931 238 1964 os
249 1930 326 1963 suum.
513 1915 575 1963 tium
591 1932 598 1963 ε
615 1922 640 1964 et
656 1930 713 1964 cum
727 1915 800 1978 justis
816 1930 866 1963 non
881 1915 938 1963 scri·

88 1979 481 2044 Exaudime‚Domine,quoniam
512 1980 610 2028 buntur.

54 2043 164 2106 benigna
180 2050 216 2092 est
230 2044 397 2093 misericordia
414 2052 456 2093 tua
475 2062 481 2093 ι
546 2044 601 2106 Ego
612 2059 667 2092 sum
682 2060 777 2108 pauper
792 2049 816 2092 et
833 2043 937 2092 dolens:

55 2107 192 2156 secundum
209 2108 393 2156 multitudinem
408 2109 480 2157 mise·
512 2107 577 2156 salus
589 2116 638 2167 tua,
654 2109 730 2168 Deus,
745 2108 851 2171 suscepit
861 2123 909 2156 me.

54 2171 179 2220 rationum
187 2172 477 2237 tuammrespiceinme.
545 2173 667 2222 Laudabo
690 2174 790 2222 Nomen
813 2173 862 2220 Dei
881 2188 936 2220 cum

88 2236 123 2284 Et
137 2251 170 2284 ne
180 2244 275 2285 avertas
286 2236 375 2285 faciem
386 2244 455 2285 tuam
466 2254 481 2285 a
513 2237 609 2286 cantico
629 2255 635 2286 :
652 2245 677 2286 et
696 2237 860 2302 magnificabo
880 2252 936 2285 eum

54 2314 133 2364 puero
149 2308 192 2349 tuo
209 2318 215 2350 ι
232 2301 350 2364 quoniam
367 2301 478 2360 tribulor,
512 2301 538 2348 in
549 2302 640 2350 lande:

55 2364 175 2413 velociter
185 2365 274 2413 exaudi
284 2381 332 2414 me.
545 2366 579 2414 Et
595 2366 703 2429 placebit
719 2366 775 2414 Deo
790 2365 935 2429 supervitu-

88 2428 194 2478 Intende
200 2428 289 2478 animae
295 2445 365 2489 meae,
373 2436 397 2478 et
404 2429 482 2478 libera
512 2429 565 2478 lum
581 2430 706 2479 novellum
720 2446 830 2479 :cornua
846 2431 935 2493 produ·

54 2509 112 2542 eam
132 2510 139 2541 :
163 2500 263 2558 propter
281 2493 394 2543 inimicos
412 2509 481 2543 meos
512 2501 608 2542 centem
619 2501 644 2543 et
654 2495 765 2558 ungulas.
848 2528 850 2533 -

54 2558 123 2621 eripe
133 2573 181 2606 me.
463 2579 468 2590 ·
544 2558 652 2607 Videant
672 2574 791 2622 pauperes
809 2564 833 2606 et
853 2557 936 2605 laeten·

88 2622 187 2671 Tuscis
203 2621 381 2686 improperium
396 2639 480 2671 meum
512 2629 551 2671 tur
571 2641 577 2671 ι
594 2624 696 2687 quaerite
715 2623 806 2682 Deum,
826 2628 851 2669 et
870 2621 935 2669 vivet

53 2692 80 2735 et
96 2686 266 2735 confusionem
281 2702 380 2736 meam:
402 2695 427 2735 et
443 2704 480 2735 re·
511 2687 594 2735 anima
603 2694 690 2736 vestra.

54 2751 192 2800 verentiam
202 2766 290 2799 meam.
544 2752 669 2814 Quoniam
680 2750 804 2799 exaudivit
815 2764 935 2813 pauperes

89 2816 121 2863 In
129 2823 264 2878 conspectu
274 2822 317 2864 tuo
326 2823 383 2864 sunt
394 2830 480 2865 omnes
512 2816 635 2864 Dominus
650 2833 657 2864 r
669 2823 693 2864 et
704 2815 800 2864 vinctos
816 2828 873 2863 suos
885 2829 935 2863 non

53 2880 98 2943 qui
109 2880 227 2929 tribulant
235 2895 276 2928 me
288 2880 480 2945 :improperium
511 2881 629 2944 despexit.

53 2944 205 3008 exspectavit
221 2959 357 2993 cormeum
368 2952 393 2994 et
408 2945 479 2994 mise·
543 2945 657 2993 Laudent
667 2943 738 2992 illurn
749 2942 806 2992 coeli
817 2950 841 2992 et
852 2948 916 2992 terra
928 2961 933 2992 :

51 3009 123 3058 riam
510 3024 577 3057 mare
589 3015 613 3056 et
624 3008 708 3056 omnia
719 3007 817 3072 reptilia
827 3008 853 3055 in
864 3008 906 3057 eis.

86 3073 235 3124 Etsustinui
257 3073 300 3137 qui
327 3073 400 3124 simul
422 3090 479 3123 con·
544 3073 668 3136 Quoniam
680 3071 938 3122 Deussalvamlaciet

119 3147 167 3201 259
