2040 3458
69 3194 83 3255 ξ.

108 171 163 216 mc,
183 170 254 216 rm
490 161 598 227 psalm.

108 320 176 369 Deus
193 333 288 368 meus:
310 334 343 368 ne
359 317 499 368 discesseris
517 333 534 366 a
562 333 655 377 meum,
683 316 807 382 quoniam

107 401 154 434 me.
563 397 731 431 amoveame
739 381 825 445 plagas

141 447 246 497 Intende
299 447 327 495 in
383 446 533 509 adjutorium
596 446 825 495 Asortitudinema

107 528 190 561 meum
208 531 215 562 ε
235 511 344 560 Domine
359 510 429 560 Deus
448 511 533 560 salutis
563 510 825 574 deiecitinincrepativ

107 593 176 626 meae.
564 583 601 649 ter
616 575 774 638 iniquitatem
793 590 824 623 co

563 655 662 688 minem.

302 757 304 761 ,
597 703 630 751 Et
664 703 790 751 tabescere
822 716 825 750 1

189 769 316 817 Psxmus
333 765 454 816 XXXIX.
564 782 679 816 araneam
691 767 802 814 animam
814 783 825 815 e

564 839 646 880 tamen
658 847 721 880 vane
738 839 825 879 contur

174 894 532 957 IX1,Custodiamviasmeas.
563 896 646 944 homo.

204 959 532 1025 utnoudelinquaminlin·
597 960 694 1008 Exaudi
728 959 825 1008 oration

107 1040 156 1088 gua
168 1041 229 1074 mea
564 1024 680 1083 Domine,
723 1031 747 1072 et
792 1023 825 1072 de

141 1090 216 1138 Posui
238 1089 274 1138 ori
296 1102 354 1137 meo
376 1089 533 1151 custodiam.
563 1088 825 1152 meam:aur1buspr

108 1169 165 1202 cum
189 1153 332 1203 consisteret
353 1161 469 1218 peccator
489 1153 532 1201 ad-
563 1168 616 1201 mas
627 1168 701 1200 meas.

109 1233 204 1266 versum
216 1233 262 1266 me.
597 1217 638 1265 Ne
656 1217 735 1275 sileae,
759 1232 825 1280 quon

141 1281 269 1340 Obmutui,
281 1289 305 1330 et
313 1281 456 1330 humiliatus
467 1296 529 1339 sum,
564 1296 610 1344 ego
621 1297 675 1329 sum
684 1281 750 1344 apud
761 1290 805 1329 te·
818 1297 825 1328 ε

109 1353 133 1395 et
144 1346 200 1395 silui
211 1361 227 1395 a
237 1347 309 1395 bonis
324 1363 331 1395 :
348 1354 372 1395 et
380 1345 454 1395 dolor
463 1360 532 1394 meus
563 1345 625 1394 sicut
637 1361 721 1393 omnes
733 1353 817 1408 patres

110 1418 238 1460 renovatus
249 1418 293 1460 est.
598 1409 706 1457 Remitte
725 1409 795 1468 mihi,
817 1425 826 1458 ι

142 1475 273 1526 Concaluit
300 1489 343 1524 cor
364 1489 447 1523 meum
468 1473 533 1522 intra
563 1473 706 1537 priusquam
720 1473 810 1522 abeam

109 1555 149 1588 me
169 1557 175 1588 :
197 1546 222 1588 et
243 1539 270 1588 in
295 1538 455 1588 meditatione
477 1553 533 1586 mea
563 1552 673 1586 nonero.

110 1604 249 1652 exardescet
261 1604 330 1666 ignis.

142 1669 250 1716 Locutus
264 1683 318 1717 sum
330 1670 355 1715 in
366 1667 449 1728 lingua
460 1682 533 1714 mea:

111 1732 325 1790 Notumsacmihi‚
336 1731 449 1789 Domine,
458 1730 532 1778 finem
678 1729 808 1779 Psxmws

110 1813 198 1845 meum.

142 1862 174 1908 Et
196 1876 324 1909 numerum
349 1861 444 1908 dierum
465 1875 531 1907 meo·
632 1858 822 1906 XSPECTAN

110 1940 161 1971 rum
182 1925 236 1987 quis
256 1932 292 1973 est
311 1932 361 1974 :ut
380 1924 456 1973 sciam
473 1923 533 1986 quid
669 1924 825 1972 Dominum:

109 1988 171 2036 desit
182 1988 249 2036 mihi.
563 1987 631 2036 mihi.

142 2053 207 2100 Ecce
232 2052 408 2101 mensurabiles
430 2052 532 2114 posuisti
596 2052 629 2100 Et
652 2052 775 2100 exaudivit
798 2067 825 2114 pr

109 2117 160 2164 dies
177 2131 266 2164 meos:
283 2124 307 2164 et
324 2116 461 2165 substantia
478 2132 534 2164 mea
564 2124 588 2164 et
605 2117 687 2164 eduxit
704 2117 825 2164 medela

110 2191 226 2243 tanquam
237 2180 340 2229 nihilum
352 2189 410 2228 ante
421 2189 451 2229 te.
563 2188 587 2228 et
600 2182 630 2228 de
643 2181 694 2227 luto
707 2181 779 2228 saecis.

141 2245 318 2292 Verumtamen
337 2245 449 2292 universa
466 2244 532 2292 vani·
597 2246 629 2292 Et
663 2245 746 2291 statuit
783 2260 825 2306 sup

110 2319 145 2357 tas
161 2326 166 2355 :
184 2308 263 2356 omnis
274 2308 349 2356 homo
361 2309 452 2357 vivens.
564 2310 639 2371 pedes
651 2325 718 2356 meos
734 2327 739 2355 ε
757 2320 781 2356 et
793 2310 825 2356 dir

142 2374 317 2421 Verumtamen
328 2373 354 2420 in
362 2372 468 2434 imagine
480 2389 532 2436 per·
564 2390 639 2421 meos.

110 2438 194 2486 transit
216 2437 292 2485 homo
312 2454 318 2486 r
341 2437 385 2485 sed
403 2446 427 2485 et
445 2436 534 2485 frustra
597 2438 630 2485 Et
641 2438 742 2486 immisit
753 2438 779 2485 in
791 2454 819 2485 os

109 2503 273 2551 conturbatur.
564 2503 638 2549 ticum
661 2518 753 2550 novum
775 2520 780 2549 ι
806 2518 825 2549 c:

142 2566 322 2615 Tbesaurizat
316 2584 322 2595 ·
340 2572 364 2614 et
381 2565 478 2629 ignorat
494 2566 533 2614 cui
565 2577 654 2614 nostro

110 2631 267 2694 congregabit
278 2645 313 2678 ea
597 2631 723 2678 Videbunt
736 2629 825 2677 multi<

143 2699 175 2745 Et
187 2711 251 2745 nunc
262 2710 318 2760 quae
331 2701 367 2743 est
384 2694 533 2757 exspectatio
564 2702 587 2742 et
600 2695 749 2768 sperabunt
744 2711 769 2742 m
782 2695 823 2742 Do

110 2764 182 2809 mea?
197 2776 279 2809 nonne
295 2758 424 2817 Dominus,
439 2766 463 2807 et
476 2759 532 2806 sub·
597 2760 719 2806 Beatus
699 2776 734 2806 vir
751 2759 819 2831 cujus

110 2827 199 2873 stantia
209 2841 264 2874 mea
276 2825 342 2888 apud
354 2832 378 2873 te
389 2830 432 2872 est.
565 2823 666 2872 Domini
684 2839 777 2886 spes]
757 2839 777 2884 e]
781 2839 825 2870 us

143 2892 184 2937 Ab
217 2890 331 2937 omnibus
363 2887 532 2952 iniquitatibus
564 2888 643 2950 spexit
660 2889 685 2935 in
702 2888 822 2935 vanitates

41 3010 48 3015 .
109 2955 170 3000 meis
195 2969 255 3004 erue
275 2969 345 3002 me.
372 2952 531 3016 opprobrium
564 2952 642 2999 saisas.

110 3018 233 3079 insipienti
244 3018 333 3066 dedisti
345 3033 391 3066 me
597 3016 677 3064 Multa
708 3015 785 3064 fecisti
813 3023 823 3063 t

134 3079 270 3140 Obmutui,
291 3091 314 3129 et
334 3097 384 3129 non
403 3081 488 3146 aperui
504 3096 532 3130 os
565 3082 631 3129 Deus
649 3096 724 3138 meus,
745 3080 823 3128 mirab

172 3157 222 3210 240
