2092 3450
361 116 401 170 Ec
420 118 509 171 ostro
526 118 630 172 {iibiuu

63 272 99 313 est
111 264 290 313 Kalendarium
307 264 378 314 facile
389 263 523 324 intellectu,
537 265 563 314 iu
578 281 628 329 quo
646 267 775 329 (quantum
791 265 844 314 fieri
854 269 944 330 potuit)

63 329 138 378 totius
149 329 283 392 Scripturae
295 330 376 378 Sacrae
386 330 460 379 lectio
471 329 506 378 ita
516 330 542 378 in
551 329 618 392 justo
629 331 715 378 ordine
730 330 850 394 disposita
860 337 904 389 est,
919 338 945 380 ut

63 393 174 442 locorum
190 394 216 442 in
232 394 306 442 sacris
322 394 391 442 libris
413 393 599 456 conjunctorum
615 394 683 442 nulla
699 395 767 443 fieret
789 395 881 443 interru
899 395 942 445 tio.

64 458 146 520 Quam
158 458 191 506 ob
202 473 301 506 causam
312 459 402 506 omissa
413 467 469 506 sunt
480 458 640 521 Antiphonae,
656 458 829 522 Responsoria,
842 467 867 507 et
878 411 945 507 fovi-

63 523 160 580 tatoria,
174 529 198 570 et
215 522 264 570 alia
279 523 394 586 quaedam
409 522 506 582 similia,
520 539 576 586 quae
592 523 735 572 continuum
746 538 821 572 sacrae
833 523 945 573 lectionis

64 602 161 634 cursum
173 585 351 648 disjungebant

95 650 162 698 Cum
170 658 252 698 autem
264 650 316 699 fieri
324 666 375 699 non
383 651 468 714 possit,
480 651 539 714 quin
548 651 636 714 aliquae
644 652 780 700 necessario
789 651 837 699 sint
846 651 943 714 regulae,

63 714 121 763 huic
132 714 201 779 operi
212 714 319 777 praefixae
333 722 390 763 sunt
402 715 491 779 regulae
507 716 640 773 nonnullae,
654 723 680 763 ut
692 731 794 764 numero
805 731 896 779 paucae,
911 717 946 764 ita

64 778 189 827 intellectu
201 779 291 827 faciles.
328 780 416 842 Itaque
427 780 535 827 daturin
551 795 638 828 manus
654 780 724 828 Ordo
740 795 840 843 precum
857 787 881 828 et
897 780 945 828 lec·

63 844 137 892 tionis
149 844 231 892 Sacrae
243 843 383 907 Scripturae,
398 852 450 892 tum
466 851 576 892 veterum
594 844 694 892 Patrum
705 845 788 892 animo
800 852 824 892 et
835 844 947 893 instituto

63 907 219 966 conveniens,
239 916 291 955 tum
307 908 387 956 multo
403 908 557 956 commodior
572 915 646 972 atque
662 907 746 956 utilior
757 923 832 971 quam
847 909 893 956 fuit
904 908 946 957 ille

63 972 106 1035 qui
123 979 196 1020 antea
212 972 237 1019 in
248 987 293 1020 usn
303 980 370 1020 erat.
407 972 623 1031 Utiliorsane'est
642 979 669 1020 ut
686 988 700 1021 e
716 987 766 1035 quo
782 980 947 1035 expurgantur

63 1036 170 1098 plurima
180 1051 236 1100 quae
242 1035 281 1084 vel
290 1036 351 1084 salsa
361 1045 425 1094 sunt,
436 1035 476 1084 vel
488 1037 587 1094 incerta,
599 1036 636 1084 vel
649 1053 713 1085 vana
724 1052 752 1084 ac
761 1037 947 1099 superstitiosa:

63 1101 256 1164 necquidquam
267 1108 377 1163 superest
388 1100 519 1163 legendum
531 1108 620 1163 praeter
630 1101 711 1163 ipsum
722 1116 813 1165 purum
825 1100 874 1149 Dei
885 1101 946 1149 Ver·

63 1165 132 1222 bum,
145 1164 172 1212 id
183 1171 228 1223 est,
243 1164 331 1213 Sacras
348 1164 494 1228 Scripturas,
508 1164 548 1212 vel
559 1165 626 1227 quod
638 1165 667 1213 iis
684 1172 874 1214 consentaneum
891 1172 946 1213 estr

64 1229 138 1292 idque
149 1228 198 1277 hoc
209 1228 303 1288 ordine,
316 1229 361 1277 illo
372 1229 497 1286 idiomate,
511 1229 600 1292 quibus
617 1236 641 1277 et
658 1245 673 1276 a
689 1229 820 1277 lectoribus
836 1235 861 1277 et
877 1230 946 1277 audi-

63 1293 159 1341 toribus
174 1292 291 1341 facillime
315 1299 340 1342 et
356 1293 498 1356 planissime
523 1292 627 1355 intelligi
651 1294 735 1356 possit.
783 1294 947 1341 Commodior

63 1366 147 1405 autem
158 1364 202 1416 cst,
214 1357 306 1421 quippe
317 1358 359 1420 qui
370 1373 489 1420 perquam
500 1357 581 1406 brevis
590 1357 742 1421 simplexque
753 1356 792 1416 sit,
804 1357 948 1421 regulasque

64 1422 189 1470 contineat
200 1437 298 1484 paucas,
313 1437 402 1484 easque
413 1421 502 1470 faciles.

97 1485 225 1543 Praeterea,
239 1501 295 1534 cum
312 1486 417 1534 antehac
428 1493 452 1534 et
468 1487 494 1533 in
510 1485 616 1534 dicendo
632 1493 657 1533 et
674 1486 699 1533 in
716 1486 839 1534 cantando
856 1500 947 1548 magna

65 1548 136 1598 trerit
152 1549 279 1598 diversitas
295 1550 321 1597 in
337 1549 438 1614 hujusce
454 1551 523 1612 regni
540 1549 656 1606 ecclesiis,
675 1565 779 1613 quarum
804 1550 858 1598 aliae
875 1565 946 1598 usum

65 1613 279 1672 Sarisburiensem,
299 1613 354 1662 aliae
377 1614 600 1671 Hereiordiensem,
620 1614 675 1662 aliae
696 1614 885 1676 Bangorensem
905 1621 947 1662 aut

65 1678 256 1736 Eboracensem,
270 1686 312 1726 aut
325 1678 522 1726 Lincolniensem
533 1679 704 1741 sequebantur,
724 1693 754 1726 ex
770 1678 817 1726 hoc
834 1684 947 1741 ternpore

64 1740 90 1790 in
100 1743 215 1790 universo
226 1757 302 1804 regno
314 1758 376 1791 unus
387 1749 482 1791 tantum
493 1743 585 1790 valebit
597 1741 671 1790 Usus.

97 1807 222 1868 Quoniam
233 1822 291 1855 vero
299 1806 361 1855 nihil
377 1806 464 1854 clarius
475 1807 580 1870 proponi
597 1814 686 1869 potest,
700 1823 774 1870 quam
785 1815 812 1854 ut
823 1807 946 1854 interdum

64 1870 90 1918 in
101 1869 212 1932 ejusdem
222 1885 268 1918 usu
280 1871 419 1919 exoriantur
430 1871 608 1934 disputationes
618 1887 624 1930 3
641 1871 722 1933 igitur,
737 1887 787 1934 quo
802 1871 883 1918 omnis
898 1870 947 1918 dis·

64 1935 161 1997 putatio
177 1934 284 1993 sedetur,
298 1941 322 1982 et
333 1935 421 1993 omnis,
435 1936 455 1984 si
472 1951 522 1998 qua
532 1943 616 1983 exorta
633 1935 712 1994 fuerit,
732 1935 867 1984 resolvatur
876 1934 947 1982 dubi·

65 1999 134 2056 tatio,
153 1999 280 2062 quomodo
296 1999 336 2047 vel
352 1999 512 2062 intelligenda
527 1999 567 2047 vel
583 1999 696 2047 facienda
711 2000 760 2048 sint
784 2015 839 2074 quae
855 1999 882 2047 in
898 1999 946 2046 hoc

65 2062 129 2111 libro
141 2063 304 2121 continentur,
319 2063 390 2126 liqui
407 2065 438 2112 de
449 2063 532 2127 aliqua
547 2079 574 2111 re
590 2063 704 2112 dubitant
721 2063 761 2112 vel
772 2064 898 2126 disputant
915 2063 948 2111 ad

65 2127 219 2190 Episcopum
234 2127 378 2176 Dioeceseos
389 2143 486 2191 semper
501 2143 553 2176 sese
564 2127 690 2191 recipiant,
704 2128 746 2191 qui
758 2128 889 2191 prudentia
904 2142 948 2175 sua

64 2207 117 2240 rem
128 2190 230 2254 pacifice
240 2190 432 2253 adjudicandum
443 2192 536 2241 curabit
547 2209 554 2241 ε
570 2192 646 2240 modo
657 2191 718 2240 nihil
731 2192 868 2249 constituat,
881 2191 947 2254 quod

65 2270 123 2303 cum
134 2254 182 2304 hac
198 2255 354 2304 ordinatione
369 2264 469 2320 pugnet.
506 2256 535 2305 Si
551 2265 633 2304 autem
650 2256 788 2321 Episcopus
806 2257 948 2304 Dioeceseos

66 2319 182 2446 ppstgqbip
197 2321 306 2381 haeserit,
325 2336 376 2370 rem
388 2321 420 2369 ad
436 2320 659 2384 Archiepiscopum
671 2321 814 2370 solvendam
829 2320 944 2369 remittat.

138 2584 329 2647 UAMQUAM
346 2585 486 2634 ordinatum
498 2584 529 2633 sit
539 2589 567 2631 ut
578 2583 604 2632 in
621 2583 733 2633 Ecclesia
743 2583 827 2632 omnia
843 2582 950 2645 Anglice

169 2649 283 2712 legantur
298 2656 322 2698 et
339 2656 474 2707 cantentur,
493 2664 543 2712 quo
560 2647 666 2712 populus
682 2647 815 2697 aedificetur
824 2665 832 2708 ;
848 2646 950 2695 minime

73 2709 124 2743 Α
171 2721 255 2762 tamen
270 2713 421 2776 prohibetur,
443 2713 503 2776 quin
519 2711 669 2776 quibuslibet
686 2712 821 2762 Matutinus
838 2718 862 2760 et
885 2711 946 2759 Ves-

69 2793 141 2852 peras
151 2777 267 2851 privatim
278 2777 424 2838 dicentibus,
438 2777 511 2826 liceat
523 2778 548 2825 in
559 2777 670 2840 qualibet
685 2776 770 2839 lingua
781 2775 879 2824 sibimet
890 2774 950 2839 ipsis

68 2859 82 2892 c
116 2841 427 2964 tertrffiiniiiegi'cerdotes
434 2912 458 2954 et
468 2905 573 2953 Diaconi
583 2904 717 2952 Matutinus
726 2910 750 2952 et
759 2903 881 2967 Vesperas
889 2919 949 2967 quo·

69 2971 130 3020 tidie
141 2969 181 3018 vel
190 2969 306 3044 privatim
314 2969 354 3016 vel
365 2970 463 3043 publice
473 2970 554 3019 dicere
566 2975 686 3028 tenentur,
697 2969 744 3017 nisi
755 2968 899 3031 aegritudine
910 2967 948 3017 vel

70 3034 198 3108 abagrayr
209 3034 464 3097 causarmpedrantur.
653 3049 655 3053 ’

134 3113 185 3148 xvu
