2092 3450
40 193 41 197 Ἰ
60 136 120 185 Dies
131 137 212 187 XIII.
446 137 555 202 {Bsnlmi
818 135 862 182 Ad
871 134 935 181 Mol.

61 287 137 347 Deus,
159 287 322 337 confiteantur
337 288 382 338 tibi
399 290 486 355 populi
551 289 662 340 Pluviam
680 290 844 340 voluntariam
863 307 941 355 segre-

60 367 147 402 omnes
171 369 179 401 ε
205 359 270 402 terra
290 352 359 403 dedit
381 353 486 404 fructum
517 355 902 417 gabis,Deus,haereditatituae;
918 367 942 404 et

60 433 139 467 suum.
517 419 640 469 infirmata
660 428 697 469 est
717 438 723 469 ι
745 428 772 469 tu
790 435 847 468 vero
864 420 942 484 perfe-

92 481 229 530 Benedicat
249 496 296 530 nos
318 481 395 542 Deus,
418 483 487 533 Deus
519 483 572 532 cisti
584 500 646 533 eam.
817 509 819 514 ·

60 552 151 604 noster,
178 546 309 595 benedicat
336 562 382 596 nos
404 547 486 596 Deus:
551 548 677 597 Animalia
693 555 736 597 tua
750 548 898 597 habitabunt
916 548 943 596 in

59 620 84 659 et
109 617 221 659 metuant
240 625 296 659 eum
319 626 405 660 omnes
427 611 488 661 fines
519 627 549 660 ea
568 629 575 662 ε
596 613 688 677 parasti
707 613 733 661 in
752 613 882 662 dulcedine
901 620 944 662 tua

60 682 138 724 terrae„
518 677 629 741 pauperi,
643 678 718 726 Deus.

551 740 674 790 Dominus
682 741 751 790 dabit
759 742 862 791 verbum
870 757 942 790 evan·

64 828 133 875 Dius
148 827 225 877 XIII.
263 825 474 886 difflatutinus.
518 805 891 920 sseffitizssjffinmoefflttff
906 872 943 919 di-

137 947 267 997 pffiffius
285 947 410 998 vam
518 932 593 1046 lectli:
604 942 628 982 et
637 935 726 998 speciei
737 935 826 984 domus
834 936 944 984 dividere

518 1013 604 1062 spoia

130 1061 304 1112 XSURGAT
316 1062 392 1123 Deus,
403 1069 428 1112 et
439 1062 487 1112 dis·
552 1063 580 1112 Si
604 1062 731 1112 dormiatis
758 1063 822 1112 inter
848 1065 944 1114 medios

162 1126 273 1191 sipeutur
280 1126 374 1176 inimici
383 1126 489 1191 ejuszet
519 1125 604 1185 cleros,
626 1143 714 1191 pennae
734 1129 855 1177 columbae
875 1130 943 1177 dear·
989 1140 991 1145 '

60 1190 157 1255 fugiant
168 1191 212 1256 qui
222 1191 326 1240 oderunt
335 1191 488 1241 eumaiacie
518 1200 624 1254 gentatae
644 1210 650 1240 ε
673 1201 697 1240 et
719 1194 855 1256 posteriora
878 1193 944 1242 dorsi

60 1257 122 1320 ejus.
519 1256 571 1319 ejus
582 1259 608 1304 in
620 1256 714 1319 pallore
725 1258 784 1306 auri.

95 1320 168 1370 Sicut
196 1318 279 1368 deficit
309 1319 398 1380 sumus,
427 1319 487 1369 defi·
552 1320 620 1369 Dum
632 1321 747 1369 discernit
758 1321 864 1370 coelestis
875 1338 943 1384 reges

61 1384 151 1433 ciant:
168 1383 231 1432 sicut
247 1383 301 1432 fluit
317 1399 373 1433 cera
392 1399 408 1432 a
426 1384 488 1433 facie
519 1400 592 1448 super
609 1400 671 1445 eam,
690 1386 748 1434 nive
764 1386 945 1434 dealbabuntur

61 1449 134 1512 ignis,
148 1448 184 1497 sic
200 1455 302 1512 pereant
317 1456 459 1513 peccatores
473 1464 489 1497 a
519 1449 545 1497 in
562 1448 665 1499 Selmon
682 1467 689 1498 z
708 1465 780 1499 mons
797 1451 853 1509 Dei,
872 1466 944 1499 mons

61 1513 125 1562 facie
136 1512 193 1561 Dei.
519 1513 623 1576 pinguis.

95 1577 130 1626 Et
144 1576 205 1640 justi
221 1577 357 1640 epulentur,
371 1584 396 1626 et
410 1577 488 1627 exsul·
552 1578 627 1628 Mons
644 1578 793 1642 coagulatus,
806 1594 879 1628 mons
890 1579 943 1643 pin·

61 1649 117 1690 tent
130 1642 157 1690 in
174 1656 232 1690 cons
251 1648 307 1690 ectu
323 1640 372 1690 Dei
387 1659 394 1691 ι
410 1649 435 1691 et
446 1643 487 1691 de·
519 1643 573 1704 guis
598 1661 604 1691 ε
632 1650 659 1691 ut
710 1643 753 1691 uid
786 1644 944 1708 suspicamini

62 1657 324 1755 lectenturinssetitm
444 1752 447 1759 ,
519 1714 616 1756 montes
625 1659 784 1770 coagriiatos?

97 1770 203 1819 Cantate
211 1770 275 1829 Deo,
285 1769 408 1834 psalmum
415 1770 489 1819 dicite
553 1771 628 1819 Mons
650 1772 676 1819 in
695 1787 744 1835 quo
762 1771 944 1835 beneplacitum

62 1834 170 1884 Nomini
180 1833 232 1898 ejus
244 1852 250 1883 ε
261 1837 308 1883 iter
318 1834 391 1883 facite
402 1835 432 1894 ei,
447 1835 490 1898 qui
521 1842 556 1883 est
569 1836 625 1884 Deo
635 1835 747 1884 habitare
758 1836 784 1883 in
795 1851 825 1884 eo
836 1854 842 1885 ι
853 1837 944 1884 etenim

62 1898 175 1948 ascendit
193 1913 266 1962 super
284 1913 414 1960 occasum3
437 1899 490 1948 Do·
521 1898 644 1948 Dominus
657 1900 779 1948 habitabit
789 1900 815 1948 in
827 1900 908 1948 finem.

62 1964 146 2012 minus
157 1962 258 2012 Nomen
268 1963 312 2013 illi.
554 1963 645 2012 Currus
664 1964 712 2012 Dei
732 1966 817 2013 decem
835 1964 945 2013 millibus

97 2026 226 2076 Exsultate
237 2027 263 2076 iu
276 2033 409 2091 conspectu
421 2027 490 2090 ejus:
520 2026 657 2090 multiplex,
686 2028 765 2076 millia
787 2028 923 2077 laetantium
939 2047 944 2077 :

62 2091 327 2141 turbabunturalacie
340 2091 400 2154 ejus,
414 2092 490 2155 patris
521 2091 645 2141 Dominus
666 2092 693 2140 in
715 2093 757 2152 eis,
779 2093 805 2141 in
828 2094 898 2143 Sinai
919 2094 944 2141 in

63 2156 240 2221 orphanorum,
260 2162 284 2204 et
298 2155 388 2219 judicis
405 2157 490 2205 vidua·
521 2163 613 2204 sancto.

62 2236 127 2270 rum.
554 2220 695 2270 Ascendisti
711 2221 737 2269 in
755 2221 839 2280 altum,
859 2223 946 2286 cepisti

97 2285 167 2334 Deus
188 2284 215 2333 in
240 2283 296 2333 loco
317 2290 403 2334 sancto
424 2299 491 2334 suo:
522 2285 832 2351 captivitatemraccepisti
843 2287 909 2336 dona
920 2288 946 2334 iu

64 2351 143 2410 Deus,
152 2348 196 2413 qui
205 2348 342 2397 inhabitare
353 2349 411 2398 facit
419 2349 491 2398 unius
521 2349 668 2399 hominibus.

63 2413 178 2462 morisin
189 2413 281 2462 domo:
555 2414 654 2463 Etenim
674 2430 725 2463 non
743 2416 891 2464 credentes:
910 2415 946 2463 in·

98 2477 149 2540 Qui
169 2477 252 2527 educit
269 2478 364 2527 vinctos
380 2477 407 2526 in
424 2477 491 2526 sorti·
521 2478 633 2527 habitare
645 2480 782 2528 Dominum
793 2480 883 2529 Deum.

63 2542 173 2591 tudine:
189 2542 301 2590 similiter
317 2542 413 2606 eosqui
424 2557 491 2591 exas-
555 2543 702 2593 Benedictus
710 2545 833 2593 Dominus
840 2545 946 2607 diequo-

63 2614 161 2670 perant,
181 2606 224 2670 qui
240 2606 353 2655 habitant
370 2607 396 2656 in
411 2605 492 2671 sepul·
523 2606 583 2656 tidie
603 2625 609 2657 ε
649 2624 775 2672 rosperum
802 2609 849 2656 iter
875 2608 947 2656 saciet

63 2671 137 2720 chris.
523 2671 595 2720 nobis
649 2688 691 2721 eus
722 2673 864 2721 salutarium
891 2688 946 2720 nos·

98 2735 177 2794 Deus,
206 2749 263 2783 cum
290 2734 439 2798 egredereris
466 2734 493 2783 in
523 2743 624 2785 trorum.

64 2806 200 2863 conspectu
211 2798 298 2864 populi
306 2799 492 2864 tuizcumper·
556 2800 625 2848 Deus
652 2805 742 2858 noster,
771 2799 840 2848 Deus
867 2799 948 2849 salvos

64 2863 181 2914 transires
192 2864 343 2924 indeserto;
523 2863 629 2912 faciendi
649 2881 655 2913 ε
678 2870 702 2912 et
721 2863 825 2913 Domini
845 2863 948 2912 Domini

99 2928 177 2976 Terra
185 2935 254 2977 mota
264 2934 318 2988 δὶς
334 2927 425 2977 etenim
435 2927 491 2976 coeli
524 2928 602 2976 exitus
613 2928 706 2977 mortis.

62 2991 340 3042 distillavemntasacie
349 2992 397 3042 Dei
405 2992 491 3042 Sinai:
556 2991 949 3056 VerumtamenDeusconfringet

61 3075 79 3108 a
91 3057 155 3106 facie
166 3056 216 3107 Dei
228 3055 311 3107 Israil
524 3055 873 3121 capitainimicorumsuorum
882 3072 950 3105 :uer-

130 3131 178 3187 257
493 3130 512 3170 x
