2040 3458
141 142 199 188 luz<
216 143 272 189 Vll.
525 138 634 202 {sarlati
901 143 974 190 ΛΑΜ

171 311 361 364 Cnnsundantur
386 317 411 361 et
437 325 563 360 reverean-
627 308 751 374 Dissipati
783 317 849 370 sunt,
881 324 926 358 nec
953 324 974 358 aa

139 384 179 426 tur
193 385 347 442 :quaerentes
355 376 463 425 animam
471 390 560 423 meam.
594 373 699 437 puncti;
718 380 877 423 tentaverunt
891 390 944 429 met
961 389 974 422 s

171 441 322 490 Avertantur
364 448 496 489 retrorsum
539 445 563 486 et
595 439 974 488 sannaveruntmesubsannatior

140 506 321 554 confundantur
334 521 341 554 ε
356 505 491 568 cogitantes
502 502 563 551 mihi
594 502 754 552 frenduerunt
770 518 845 568 super
855 519 895 552 me
908 501 974 551 dentil

141 570 211 618 mala
595 567 651 615 suis.

173 634 246 682 Fiant
268 639 386 696 tanquam
408 631 488 695 pulvis
508 638 565 679 ante
628 630 745 690 Domine,
768 631 870 695 quando
891 630 974 695 respici

141 697 227 746 taciem
244 699 310 745 venti
331 704 378 744 :et
395 696 495 759 angelus
512 696 564 744 Do·
596 695 695 743 restitue
712 695 822 744 animam
841 711 921 744 meam
938 709 974 742 ar

141 761 202 809 mini
213 768 340 809 coarctans
352 776 400 809 eos.
596 760 708 822 lignitate
735 775 819 809 eorum
848 777 855 808 τ
876 775 892 808 a
912 759 974 808 leonii

173 825 229 872 Fiat
249 825 289 872 via
300 825 398 872 illorum
415 823 521 873 tenebrae
541 831 565 872 et
596 823 693 872 unicam
705 839 795 872 meam.

140 889 260 937 lubricum
281 895 328 938 :et
345 889 446 952 angelus
463 888 565 937 Domini
630 887 776 936 Confitebor
802 887 848 937 tibi
874 888 901 937 in
921 887 974 936 eccle

141 968 289 1017 persequens
301 968 350 1001 eos.
597 967 688 1015 magna
708 969 714 1000 r
731 952 758 1000 in
774 953 870 1017 populo
888 950 974 1016 gravil

173 1017 297 1079 Quoniam
304 1016 379 1080 gratis
386 1016 566 1065 absconderunt
597 1016 664 1064 dabo
675 1023 706 1065 te.

140 1081 202 1129 mihi
233 1081 357 1130 interitum
389 1081 471 1144 laquei
502 1081 566 1129 sui:
630 1081 689 1128 Non
701 1081 899 1145 supergaudeant
909 1079 965 1128 rnihi

141 1160 290 1208 supervacue
298 1146 506 1209 exprobraverunt
514 1145 565 1193 ani·
598 1145 757 1193 adversantur
773 1145 835 1193 mihi
856 1145 960 1208 inique:

141 1225 208 1257 mam
219 1224 307 1257 meam.
598 1210 702 1257 oderunt
719 1225 760 1258 me
775 1208 861 1273 gratis,
875 1216 899 1258 et
913 1223 974 1257 annu

173 1272 265 1322 Veniat
292 1272 328 1322 illi
355 1272 464 1337 laqueus,
492 1288 566 1337 quem
598 1273 682 1322 oculis.

142 1337 238 1400 ignorat
257 1355 263 1386 t
281 1346 305 1386 et
322 1341 412 1401 captio,
432 1354 506 1402 quam
523 1338 565 1385 ab·
631 1337 756 1399 Quoniam
771 1337 835 1386 mihi
847 1337 944 1402 quidem
954 1351 974 1400 pr

142 1403 246 1461 scondit‚
267 1403 436 1466 apprehendat
456 1417 520 1461 eum,
542 1408 567 1450 et
598 1400 644 1450 fiee
666 1402 829 1466 loquebantur
856 1420 862 1450 ι
884 1410 908 1451 et
929 1401 953 1449 in
971 1400 974 1447 i

142 1466 168 1514 in
179 1467 293 1530 laqueum
306 1467 377 1515 cadat
389 1467 415 1514 in
427 1467 514 1530 ipsum.
598 1466 687 1515 cundia
706 1472 776 1514 terrae
796 1466 932 1530 loquentes,
950 1465 974 1512 dt

174 1531 268 1579 Anima
279 1539 360 1579 autern
372 1546 428 1579 mea
436 1530 567 1580 exsultabit
599 1530 746 1593 cogitabant.

142 1595 168 1642 in
196 1595 306 1643 Domino
332 1613 338 1643 ε
361 1604 384 1643 et
406 1595 567 1643 delectabitur
632 1595 665 1642 Et
681 1594 845 1643 dilataverunt
861 1608 974 1657 superine

144 1675 217 1723 super
227 1660 326 1707 salutari
338 1676 389 1707 suo.
598 1674 669 1707 suum
689 1675 694 1706 :
712 1659 833 1716 dixerunt,
855 1660 931 1722 Euge,
950 1673 974 1706 eu

176 1723 267 1771 Omnia
275 1739 329 1771 ossa
337 1724 481 1771 mendicent
496 1741 501 1771 :
514 1723 565 1771 Do·
598 1725 710 1770 viderunt
723 1724 788 1770 oculi
800 1725 885 1772 nostri.

144 1789 217 1845 mine,
231 1789 285 1850 quis
298 1789 383 1836 similis
395 1788 460 1836 tibi?
631 1788 729 1846 Vidisti,
747 1788 866 1846 Domine,
883 1804 914 1836 ne
931 1787 974 1834 sile:

176 1852 289 1914 Eripiens
312 1853 411 1915 inopem
436 1852 467 1899 de
492 1868 566 1899 manu
599 1852 714 1910 Domine,
728 1852 962 1900 nediscedasame.

143 1914 269 1963 fortiorum
280 1916 465 1978 ejus:egenum
475 1925 498 1963 et
507 1932 566 1979 pau·
633 1917 741 1978 Exsurge
764 1924 787 1964 et
811 1917 911 1964 intende
930 1915 974 1978 jud

144 1995 226 2043 perem
238 1996 252 2026 a
264 1981 435 2042 diripientibus
447 1996 509 2028 eum.
598 1995 654 2028 meo
667 1981 735 2028 Deus
748 1996 817 2028 meus
839 1999 845 2028 z
863 1989 887 2028 et
902 1980 973 2027 Domi

177 2043 308 2104 Surgentes
317 2052 391 2092 testes
403 2045 480 2107 iniqui
494 2061 500 2092 τ
513 2060 567 2107 quae
598 2060 667 2091 meus
679 2045 704 2091 in
715 2060 813 2092 causam
826 2061 913 2092 meam.

143 2108 285 2169 ignorabam
299 2108 481 2170 interrogabant
493 2125 538 2156 me.
630 2109 718 2171 Judica
737 2124 777 2157 me
800 2110 935 2156 secundum
953 2107 974 2170 ju

177 2171 354 2219 Retribuebant
371 2174 431 2220 mihi
445 2173 511 2220 mala
522 2189 567 2235 pro
599 2173 659 2220 tiam
695 2181 770 2230 tuam,
808 2173 918 2221 Domine
955 2172 974 2219 D

143 2236 214 2283 bouis
227 2236 392 2284 :sterilitatem
401 2237 488 2285 animae
496 2253 563 2285 meac.
599 2253 668 2284 meus
688 2254 694 2284 τ
715 2245 738 2285 et
758 2253 809 2284 non
829 2236 974 2301 supergaude

177 2300 231 2361 Ego
240 2307 320 2346 autem
331 2317 386 2347 cum
398 2302 459 2348 mihi
471 2302 567 2348 molesti
599 2301 667 2349 mihi.

145 2372 223 2412 essent
239 2381 245 2411 :
257 2364 375 2411 induebar
386 2366 472 2413 cilicio.
632 2367 691 2413 Non
703 2365 785 2413 dicant
800 2365 824 2412 in
837 2366 952 2414 cordibus
962 2380 974 2411 s

177 2428 348 2475 Humiliabam
365 2430 390 2476 in
405 2429 498 2491 jejunio
516 2430 566 2476 ani·
599 2430 677 2492 Euge,
702 2445 771 2491 euge,
797 2431 888 2478 animae
912 2436 974 2478 nostr

144 2507 301 2540 mammeam
323 2500 369 2540 :et
382 2495 460 2541 oratio
471 2509 527 2542 mea
542 2495 567 2541 iu
599 2510 644 2542 nec
698 2494 788 2552 dicant,
845 2494 974 2544 Devoravi]

144 2560 198 2607 sinu
209 2573 265 2604 meo
275 2566 434 2605 convertetur.
599 2575 661 2606 eum.

177 2621 254 2684 Quasi
276 2622 421 2684 proximum,
452 2628 476 2669 et
497 2622 567 2685 quasi
632 2623 785 2670 Erubescant
816 2629 841 2671 et
872 2638 974 2672 reverear

145 2687 243 2734 fratrem
262 2694 379 2743 nostrum,
402 2687 436 2734 sic
459 2687 566 2749 compla-
601 2688 673 2734 simul
694 2704 700 2735 ε
720 2687 763 2750 qui
781 2688 936 2750 gratulantur
954 2703 974 2733 m

144 2752 231 2799 cebam
251 2751 343 2814 :quasi
362 2751 448 2813 lugens
467 2759 491 2798 et
510 2767 567 2799 con·
600 2753 667 2799 meis.

145 2815 253 2863 tristatus
265 2816 299 2863 sic
311 2815 464 2863 humiliabar.
634 2816 770 2864 induantur
788 2816 931 2865 confusione
949 2823 971 2863 et

177 2879 210 2926 Et
222 2881 350 2928 adversum
361 2896 401 2928 me
415 2879 490 2928 laetati
501 2887 564 2938 sunt,
601 2881 709 2928 verentia
724 2898 729 2928 :
740 2880 783 2943 qui
792 2896 884 2944 magna
895 2881 974 2945 loquur

144 2946 169 2988 et
197 2953 362 2993 convenerunt
388 2963 394 2992 z
421 2952 568 3007 congregata
600 2960 730 3008 superma.

143 3012 200 3052 sunt
217 3022 346 3071 superine
365 3008 468 3073 flagella,
489 3017 513 3057 et
531 3009 567 3072 ig·
635 3010 763 3056 Exsulteut
791 3015 816 3057 et
844 3009 957 3058 latentur

143 3070 236 3118 noram.
600 3072 685 3121 volunt
711 3073 830 3135 justitiam
860 3088 943 3122 meam·
969 3091 974 3120 :

207 3133 257 3196 236
