2092 3450
298 164 428 221 bruitico
445 164 564 231 {brodata
581 165 636 218 rut:
652 161 761 230 buscha.

80 304 140 367 ejus,
167 305 270 355 dicens:
301 306 372 355 Nihil
400 307 453 365 tibi,
480 313 505 354 et
536 305 673 368 chlamyde,
699 312 723 355 et
744 305 877 355 induerunt
903 322 961 355 eum

78 369 145 430 justo
164 369 220 430 illi;
247 371 325 419 multa
345 371 410 418 enim
433 386 506 434 passa
534 370 685 419 vestimentis
707 369 766 432 ejus,
791 377 816 420 et
838 371 960 419 duxerunt

79 448 134 481 sum
153 433 228 483 hodie
246 450 291 498 per
306 435 385 482 visum
405 441 505 498 propter
534 433 808 497 eumutcrucifigerent
834 435 960 483 Exeuntes

80 513 143 546 eum.
180 498 306 561 Principes
326 506 409 547 autem
426 514 504 546 sacer·
533 505 617 547 autem
650 499 796 547 invenerunt
831 498 960 548 hominem

79 562 165 609 dotum
176 569 200 610 et
211 563 318 611 seniores
335 570 505 626 persuaserunt
534 562 687 626 Cyrenaeum,
700 563 801 611 nomine
812 562 959 612 Simonem:

79 626 177 689 populis
188 633 215 674 ut
226 633 337 689 peterent
353 627 501 685 Barabbam,
532 627 600 675 hunc
615 627 801 689 angariaverunt
817 634 845 676 ut
861 627 960 676 tolleret

78 690 163 753 Jesum
189 705 248 738 vero
275 691 411 753 perderent.
455 691 503 739 Re·
533 706 630 739 crucem
649 691 708 752 ejus.
745 691 778 739 Et
794 698 914 740 venerunt
932 692 960 739 in

80 754 203 815 spondens
230 761 313 802 autem
343 770 439 818 praeses,
470 756 505 803 ait
532 755 616 802 locum
641 755 683 818 qui
708 754 798 803 dicitur
819 755 956 819 Golgotha

78 818 145 865 illis:
179 817 260 879 Quem
282 818 355 866 vultis
379 819 449 867 vobis
474 820 505 867 de
533 819 600 881 quod
620 826 656 866 est
675 818 794 867 Calvariae
812 820 886 868 locus.
924 820 958 868 Et

79 881 176 929 duobus
192 882 303 930 dimitti?
335 884 371 931 At
386 883 422 931 illi
437 883 505 931 dixe·
532 883 652 931 dederunt
666 883 688 931 ei
701 883 786 930 vinum
801 883 887 933 bibere
901 899 957 932 cum

78 952 153 994 runt:
179 945 325 995 Barabbam.
366 947 434 995 Dicit
456 947 505 996 illis
532 946 589 996 felle
602 947 708 995 mistum.
747 947 848 995 Etcum
863 956 958 1010 gustas·

80 1009 193 1057 Pilatus:
222 1010 289 1071 Quid
315 1011 390 1073 igitur
414 1012 503 1060 faciam
532 1018 576 1069 set,
595 1011 674 1059 noluit
693 1011 784 1059 bibere
822 1012 958 1076 Postquam

79 1074 110 1120 de
125 1074 193 1136 Jesu,
210 1075 253 1138 qui
268 1075 358 1123 dicitur
375 1075 506 1123 Christus?
532 1081 615 1122 autem
632 1075 801 1124 crucifixerunt
816 1091 880 1134 eum,
895 1077 958 1124 divi·

80 1137 173 1186 Dicunt
195 1154 299 1188 omnes:
332 1139 500 1203 Crucifigatur.
531 1146 614 1187 serunt
630 1140 776 1188 vestimenta
791 1138 851 1202 ejus,
865 1148 958 1188 sortem

80 1202 124 1249 Ait
144 1202 192 1250 illis
214 1218 322 1267 praeses:
351 1204 418 1266 Quid
438 1204 511 1252 enim·
531 1203 673 1252 mittentes:
693 1210 720 1251 ut
736 1203 878 1267 impleretur
889 1205 958 1268 quod

80 1266 138 1312 mali
155 1266 232 1315 iecit?
264 1267 347 1315 Atilii
365 1269 443 1331 magis
455 1268 503 1316 cla·
531 1267 626 1315 dictum
642 1275 739 1331 estper
755 1267 903 1331 prophetam
919 1269 957 1317 di·
999 1324 1000 1328 Ἰ

79 1331 188 1388 mabant,
213 1331 341 1380 dicentes:
371 1332 503 1395 Crucifiga-
531 1339 644 1380 centem:
664 1332 806 1381 Diviserunt
821 1333 868 1381 sibi
883 1333 957 1381 vesti-

80 1401 125 1442 tur.
170 1394 264 1444 Videns
295 1403 379 1444 autern
409 1397 504 1447 Pilatus
532 1404 615 1445 menta
636 1412 699 1455 mea,
721 1404 746 1445 et
767 1411 841 1460 super
862 1404 957 1446 vestem

80 1459 138 1522 quia
148 1459 210 1507 nihil
217 1459 357 1571 proficeret,
371 1462 414 1511 sed
425 1463 504 1526 magis
531 1476 613 1510 meam
638 1462 755 1509 miserunt
781 1469 879 1510 sortem.
923 1461 958 1510 Et

80 1524 198 1574 tumultus
236 1532 293 1586 eret,
312 1534 414 1590 accepta
430 1543 501 1590 aqua,
531 1526 642 1574 sedentes
664 1525 794 1574 servabant
815 1541 878 1574 eum.
923 1525 957 1575 Et

79 1589 140 1636 lavit
167 1606 254 1638 manus
286 1606 369 1639 coram
400 1591 501 1654 populo,
531 1590 700 1653 imposuerunt
720 1605 793 1663 super
812 1596 886 1653 caput
904 1589 957 1652 ejus

80 1653 182 1701 dicens:
208 1655 330 1703 Innocens
351 1670 397 1717 ego
416 1671 470 1703 sum
490 1671 505 1703 a
532 1669 630 1702 causam
647 1654 723 1716 ipsius
739 1662 875 1715 scriptam:
899 1654 957 1702 HIC

80 1718 197 1779 sanguine
206 1718 264 1780 justi
275 1719 366 1782 hujus:
383 1735 426 1767 vos
437 1719 504 1767 vide-
532 1729 581 1765 nsr
596 1718 678 1780 Jnsus
699 1718 761 1765 Rex
778 1718 953 1781 Junfflontnu.

80 1782 138 1829 ritis.
176 1783 209 1830 Et
218 1784 367 1845 respondens
379 1784 504 1832 universus
531 1783 602 1830 Tunc
614 1781 721 1830 crucifixi
733 1790 789 1829 sunt
801 1797 856 1830 cum
867 1797 897 1830 eo
907 1782 958 1831 duo

81 1846 193 1908 populus,
218 1847 298 1895 dixit:
326 1847 431 1909 Sanguis
453 1848 504 1910 ejus
531 1845 656 1894 latrones:
683 1862 746 1894 unus
770 1861 786 1893 a
807 1846 906 1904 dextris,
932 1854 957 1894 et

80 1926 152 1972 super
169 1927 221 1969 nos,
240 1918 264 1959 et
281 1927 353 1974 super
369 1912 432 1960 filios
448 1928 504 1960 nos·
530 1926 593 1958 unus
604 1926 619 1958 a
629 1910 738 1958 sinistris.
780 1911 957 1958 Praetereuntes

80 1982 137 2022 tros.
174 1975 245 2022 Tunc
254 1976 346 2023 dimisit
355 1975 403 2023 illis
412 1976 503 2023 Barab·
531 1981 613 2022 autem
651 1974 856 2038 blasphemabant
890 1990 954 2033 eum,

80 2039 155 2086 bam:
171 2039 256 2101 Jesum
265 2047 346 2088 autern
355 2039 504 2102 flagellatum
531 2045 657 2086 moventes
684 2039 766 2101 capita
790 2053 841 2096 sua,
870 2045 894 2086 et
920 2039 957 2086 di·

81 2102 181 2150 tradidit
206 2104 241 2151 eis
267 2111 294 2150 ut
316 2103 500 2166 crucifigeretur.
532 2109 630 2150 centes:
650 2102 706 2150 Vah
718 2103 761 2165 qui
774 2102 878 2150 destruis
895 2108 956 2151 tem·

81 2167 152 2214 Tunc
168 2167 259 2214 milites
278 2168 388 2231 praesidis
404 2169 504 2231 suscipi·
531 2166 600 2229 plum
623 2166 679 2225 Dei,
702 2175 726 2214 et
745 2166 771 2214 in
793 2166 875 2214 triduo
895 2167 958 2214 iliud

81 2237 147 2277 entes
157 2231 243 2293 Jesum
252 2232 277 2278 in
287 2233 435 2295 praetorium,
447 2247 504 2280 con·
531 2230 665 2278 reaedificas
675 2248 681 2278 :
699 2230 767 2278 salva
782 2233 941 2293 temetipsum
951 2249 958 2279 :

80 2302 240 2356 gregaverunt
252 2296 283 2342 ad
301 2311 356 2343 eum
368 2297 505 2344 universam
532 2295 552 2342 si
573 2295 650 2343 Filius
669 2295 717 2342 Dei
735 2310 768 2352 es,
788 2294 914 2343 descende
926 2295 958 2344 de

81 2359 225 2407 cohortem:
254 2367 278 2407 et
300 2368 415 2408 exuentes
437 2376 501 2419 eum,
534 2375 611 2407 cruce.
652 2358 771 2408 Similiter
790 2366 813 2406 et
833 2359 959 2423 principes

81 2422 235 2484 chlamydem
251 2425 391 2472 coccineam
403 2424 504 2473 circum·
531 2423 686 2471 sacerdotum
728 2422 858 2471 illudentes
901 2439 958 2472 cum

81 2487 200 2535 dederunt
212 2489 242 2545 ei,
255 2496 279 2535 et
290 2488 424 2551 plectentes
437 2505 504 2537 coro·
532 2487 618 2535 scribis
633 2495 657 2535 et
672 2486 807 2535 senioribus
823 2487 958 2536 dicebant:

81 2567 138 2599 nam
147 2552 179 2599 de
190 2553 274 2614 spinis,
289 2560 421 2615 posuerunt
433 2568 506 2616 super
533 2552 605 2599 Alios
616 2551 696 2599 salvos
709 2551 774 2609 fecit,
789 2551 896 2613 seipsum
908 2567 959 2600 non

82 2623 155 2679 caput
177 2617 236 2679 ejus,
262 2625 286 2665 et
308 2616 452 2665 arundinem
478 2618 504 2664 in
532 2622 614 2677 potest
630 2615 723 2663 salvum
744 2616 840 2663 facere:
862 2615 883 2663 si
904 2616 959 2664 Rex

81 2682 180 2728 dextera
200 2681 258 2743 ejus.
303 2681 336 2728 Et
357 2697 422 2743 genu
441 2681 505 2745 flexo
534 2679 610 2727 IsraEI
629 2686 673 2736 est,
693 2680 825 2727 descendat
844 2695 911 2728 nunc
927 2681 959 2728 de

82 2753 138 2792 ante
161 2760 224 2802 eum,
250 2745 386 2793 illudebant
413 2745 443 2802 ei,
468 2746 504 2792 di·
534 2759 611 2801 cruce,
626 2751 650 2791 et
662 2744 784 2791 credimus
795 2745 836 2791 ei:
856 2744 959 2792 contidit

82 2818 180 2858 centes:
203 2811 259 2858 Ave
279 2810 334 2856 Rex
351 2808 500 2871 Judaeornm.
533 2808 560 2855 in
580 2808 652 2855 Deo:
673 2809 759 2855 liberet
775 2823 848 2865 nunc,
869 2809 889 2856 si
906 2808 959 2857 vuit

82 2873 114 2919 Et
126 2882 270 2937 exspuentes
287 2874 313 2920 in
327 2889 391 2930 eum,
405 2889 504 2936 accepe·
534 2887 607 2920 eum:
627 2872 688 2920 dixit
700 2872 782 2920 enim:
803 2872 869 2933 Quia
881 2872 959 2920 Filius

81 2939 312 2996 runt'arundinem,
339 2944 363 2984 et
387 2938 505 3000 percutie·
535 2936 582 2984 Dei
601 2951 662 2984 sum.
700 2937 812 2998 idipsum
830 2943 914 2984 autem
935 2945 959 2984 et

81 3001 141 3047 bant
154 3008 226 3064 caput
235 3002 293 3062 ejus.
331 3001 363 3048 Et
375 3009 506 3064 postquam
534 3000 648 3059 latrones,
658 3000 700 3063 qui
707 2999 815 3048 crucifixi
825 3007 894 3049 erant
904 3016 959 3048 cum

82 3064 208 3174 ἰΙΙιιεεὸῐὲηῑ
240 3066 270 3120 ei,
301 3073 417 3113 exuerunt
450 3081 506 3113 eum
534 3080 571 3125 eo,
581 3064 781 3118 improperabant
791 3065 820 3112 ei.
857 3066 959 3114 Asexta
