<?xml version="1.0" encoding="UTF-8"?>
<!DOCTYPE html PUBLIC "-//W3C//DTD XHTML 1.0 Transitional//EN"
    "http://www.w3.org/TR/xhtml1/DTD/xhtml1-transitional.dtd">
<html xmlns="http://www.w3.org/1999/xhtml" xml:lang="en" lang="en">
 <head>
  <title>
</title>
<meta http-equiv="Content-Type" content="text/html;charset=utf-8" />
  <meta name='ocr-system' content='tesseract 3.04.00' />
  <meta name='ocr-capabilities' content='ocr_page ocr_carea ocr_par ocr_line ocrx_word'/>
</head>
<body>
  <div class='ocr_page' id='page_1' title='image "./liberprecumpubl00briggoog_0139.png"; bbox 0 0 2092 3450; ppageno 0'>
   <div class='ocr_carea' id='block_1_1' title="bbox 360 137 736 206">
    <p class='ocr_par' dir='ltr' id='par_1_1' title="bbox 360 137 736 206">
     <span class='ocr_line' id='line_1_1' title="bbox 360 137 736 206; baseline 0 -12"><span class='ocrx_word' id='word_1_1' title='bbox 360 137 431 194; x_wconf 63' lang='lat' dir='ltr'><strong>stria</strong></span> <span class='ocrx_word' id='word_1_2' title='bbox 449 137 535 193; x_wconf 65' lang='lat' dir='ltr'><strong>Cutis</strong></span> <span class='ocrx_word' id='word_1_3' title='bbox 552 141 609 203; x_wconf 79' lang='lat' dir='ltr'><strong>unat</strong></span> <span class='ocrx_word' id='word_1_4' title='bbox 626 137 736 206; x_wconf 59' lang='lat' dir='ltr'><strong>nisena.</strong></span> 
     </span>
    </p>
   </div>
   <div class='ocr_carea' id='block_1_2' title="bbox 111 288 999 996">
    <p class='ocr_par' dir='ltr' id='par_1_2' title="bbox 111 288 999 942">
     <span class='ocr_line' id='line_1_2' title="bbox 112 288 999 354; baseline 0.001 -16"><span class='ocrx_word' id='word_1_5' title='bbox 112 289 170 338; x_wconf 84' lang='lat' dir='ltr'><strong>dies</strong></span> <span class='ocrx_word' id='word_1_6' title='bbox 195 289 229 338; x_wconf 90' lang='lat' dir='ltr'><strong>Et</strong></span> <span class='ocrx_word' id='word_1_7' title='bbox 240 290 341 339; x_wconf 90' lang='lat' dir='ltr'><strong>intravit</strong></span> <span class='ocrx_word' id='word_1_8' title='bbox 352 305 408 339; x_wconf 89' lang='lat' dir='ltr'><strong>cum</strong></span> <span class='ocrx_word' id='word_1_9' title='bbox 420 290 474 339; x_wconf 79' lang='lat' dir='ltr'><strong>illis</strong></span> <span class='ocrx_word' id='word_1_10' title='bbox 504 289 539 339; x_wconf 89' lang='lat' dir='ltr'><strong>Et</strong></span> <span class='ocrx_word' id='word_1_11' title='bbox 570 294 696 353; x_wconf 79' lang='lat' dir='ltr'>surgentes</span> <span class='ocrx_word' id='word_1_12' title='bbox 716 289 804 338; x_wconf 87' lang='lat' dir='ltr'><strong>eadem</strong></span> <span class='ocrx_word' id='word_1_13' title='bbox 817 288 880 338; x_wconf 86' lang='lat' dir='ltr'><strong>hora</strong></span> <span class='ocrx_word' id='word_1_14' title='bbox 894 291 999 354; x_wconf 81' lang='lat' dir='ltr'><strong>regressi</strong></span> 
     </span>
     <span class='ocr_line' id='line_1_3' title="bbox 113 353 998 418; baseline 0.002 -16"><span class='ocrx_word' id='word_1_15' title='bbox 113 354 205 403; x_wconf 82' lang='lat' dir='ltr'><strong>factum</strong></span> <span class='ocrx_word' id='word_1_16' title='bbox 233 361 277 414; x_wconf 82' lang='lat' dir='ltr'><strong>est,</strong></span> <span class='ocrx_word' id='word_1_17' title='bbox 300 353 361 402; x_wconf 89' lang='lat' dir='ltr'><strong>dum</strong></span> <span class='ocrx_word' id='word_1_18' title='bbox 386 355 539 403; x_wconf 89' lang='lat' dir='ltr'>recumberet</span> <span class='ocrx_word' id='word_1_19' title='bbox 570 355 667 403; x_wconf 90' lang='lat' dir='ltr'><strong>suntin</strong></span> <span class='ocrx_word' id='word_1_20' title='bbox 680 354 836 418; x_wconf 85' lang='lat' dir='ltr'>Jerusalem:</span> <span class='ocrx_word' id='word_1_21' title='bbox 858 361 883 403; x_wconf 92' lang='lat' dir='ltr'><strong>et</strong></span> <span class='ocrx_word' id='word_1_22' title='bbox 898 354 998 405; x_wconf 88' lang='lat' dir='ltr'><strong>invene·</strong></span> 
     </span>
     <span class='ocr_line' id='line_1_4' title="bbox 112 418 999 482; baseline 0.002 -16"><span class='ocrx_word' id='word_1_23' title='bbox 112 418 537 482; x_wconf 89' lang='lat' dir='ltr'><strong>cumeis,accepitpanem,etbene·</strong></span> <span class='ocrx_word' id='word_1_24' title='bbox 569 425 626 467; x_wconf 90' lang='lat' dir='ltr'><strong>runt</strong></span> <span class='ocrx_word' id='word_1_25' title='bbox 642 425 802 482; x_wconf 84' lang='lat' dir='ltr'><strong>congregatos</strong></span> <span class='ocrx_word' id='word_1_26' title='bbox 824 419 948 479; x_wconf 89' lang='lat' dir='ltr'><strong>undecim,</strong></span> <span class='ocrx_word' id='word_1_27' title='bbox 974 427 999 469; x_wconf 87' lang='lat' dir='ltr'><strong>et</strong></span> 
     </span>
     <span class='ocr_line' id='line_1_5' title="bbox 112 482 998 547; baseline 0.002 -17"><span class='ocrx_word' id='word_1_28' title='bbox 112 482 181 538; x_wconf 80' lang='lat' dir='ltr'>dixit,</span> <span class='ocrx_word' id='word_1_29' title='bbox 208 498 239 531; x_wconf 88' lang='lat' dir='ltr'><strong>ac</strong></span> <span class='ocrx_word' id='word_1_30' title='bbox 269 482 349 545; x_wconf 81' lang='lat' dir='ltr'><strong>fregit,</strong></span> <span class='ocrx_word' id='word_1_31' title='bbox 380 489 405 531; x_wconf 91' lang='lat' dir='ltr'><strong>et</strong></span> <span class='ocrx_word' id='word_1_32' title='bbox 428 482 537 546; x_wconf 85' lang='lat' dir='ltr'><strong>porrige·</strong></span> <span class='ocrx_word' id='word_1_33' title='bbox 570 499 612 532; x_wconf 91' lang='lat' dir='ltr'><strong>eos</strong></span> <span class='ocrx_word' id='word_1_34' title='bbox 633 483 676 547; x_wconf 90' lang='lat' dir='ltr'><strong>qui</strong></span> <span class='ocrx_word' id='word_1_35' title='bbox 698 498 755 531; x_wconf 91' lang='lat' dir='ltr'><strong>cum</strong></span> <span class='ocrx_word' id='word_1_36' title='bbox 781 483 829 532; x_wconf 90' lang='lat' dir='ltr'><strong>illis</strong></span> <span class='ocrx_word' id='word_1_37' title='bbox 854 489 932 542; x_wconf 87' lang='lat' dir='ltr'><strong>erant,</strong></span> <span class='ocrx_word' id='word_1_38' title='bbox 961 483 998 532; x_wconf 91' lang='lat' dir='ltr'><strong>di·</strong></span> 
     </span>
     <span class='ocr_line' id='line_1_6' title="bbox 111 545 997 610; baseline 0.002 -16"><span class='ocrx_word' id='word_1_39' title='bbox 111 547 154 595; x_wconf 88' lang='lat' dir='ltr'><strong>bat</strong></span> <span class='ocrx_word' id='word_1_40' title='bbox 166 547 221 597; x_wconf 89' lang='lat' dir='ltr'><strong>illis.</strong></span> <span class='ocrx_word' id='word_1_41' title='bbox 258 547 291 595; x_wconf 92' lang='lat' dir='ltr'><strong>Et</strong></span> <span class='ocrx_word' id='word_1_42' title='bbox 307 546 385 610; x_wconf 86' lang='lat' dir='ltr'><strong>aperti</strong></span> <span class='ocrx_word' id='word_1_43' title='bbox 400 545 537 596; x_wconf 91' lang='lat' dir='ltr'><strong>suntoculi</strong></span> <span class='ocrx_word' id='word_1_44' title='bbox 569 553 652 596; x_wconf 92' lang='lat' dir='ltr'><strong>centes</strong></span> <span class='ocrx_word' id='word_1_45' title='bbox 666 563 674 597; x_wconf 76' lang='lat' dir='ltr'><strong>t</strong></span> <span class='ocrx_word' id='word_1_46' title='bbox 697 547 773 609; x_wconf 89' lang='lat' dir='ltr'><strong>Quod</strong></span> <span class='ocrx_word' id='word_1_47' title='bbox 791 547 894 596; x_wconf 86' lang='lat' dir='ltr'><strong>surrexit</strong></span> <span class='ocrx_word' id='word_1_48' title='bbox 910 548 997 597; x_wconf 91' lang='lat' dir='ltr'><strong>Domi·</strong></span> 
     </span>
     <span class='ocr_line' id='line_1_7' title="bbox 112 611 994 675; baseline 0.002 -16"><span class='ocrx_word' id='word_1_49' title='bbox 112 626 205 670; x_wconf 88' lang='lat' dir='ltr'><strong>eorum,</strong></span> <span class='ocrx_word' id='word_1_50' title='bbox 227 617 252 659; x_wconf 91' lang='lat' dir='ltr'><strong>et</strong></span> <span class='ocrx_word' id='word_1_51' title='bbox 274 618 441 674; x_wconf 79' lang='lat' dir='ltr'><strong>cognoverrmt</strong></span> <span class='ocrx_word' id='word_1_52' title='bbox 463 627 537 660; x_wconf 72' lang='lat' dir='ltr'><strong>eumz</strong></span> <span class='ocrx_word' id='word_1_53' title='bbox 570 627 616 661; x_wconf 90' lang='lat' dir='ltr'><strong>nus</strong></span> <span class='ocrx_word' id='word_1_54' title='bbox 631 627 695 670; x_wconf 90' lang='lat' dir='ltr'><strong>vere,</strong></span> <span class='ocrx_word' id='word_1_55' title='bbox 715 619 739 660; x_wconf 89' lang='lat' dir='ltr'><strong>et</strong></span> <span class='ocrx_word' id='word_1_56' title='bbox 757 611 871 675; x_wconf 89' lang='lat' dir='ltr'><strong>apparuit</strong></span> <span class='ocrx_word' id='word_1_57' title='bbox 889 611 994 662; x_wconf 85' lang='lat' dir='ltr'><strong>Simoni.</strong></span> 
     </span>
     <span class='ocr_line' id='line_1_8' title="bbox 112 675 999 740; baseline 0.002 -17"><span class='ocrx_word' id='word_1_58' title='bbox 112 675 198 738; x_wconf 89' lang='lat' dir='ltr'><strong>etipse</strong></span> <span class='ocrx_word' id='word_1_59' title='bbox 209 675 308 724; x_wconf 90' lang='lat' dir='ltr'><strong>evanuit</strong></span> <span class='ocrx_word' id='word_1_60' title='bbox 320 675 533 724; x_wconf 87' lang='lat' dir='ltr'><strong>exoculiseorum</strong></span> <span class='ocrx_word' id='word_1_61' title='bbox 571 676 605 724; x_wconf 89' lang='lat' dir='ltr'><strong>Et</strong></span> <span class='ocrx_word' id='word_1_62' title='bbox 629 675 677 740; x_wconf 93' lang='lat' dir='ltr'><strong>ipsi</strong></span> <span class='ocrx_word' id='word_1_63' title='bbox 696 676 828 725; x_wconf 83' lang='lat' dir='ltr'><strong>narrabant</strong></span> <span class='ocrx_word' id='word_1_64' title='bbox 850 690 907 739; x_wconf 82' lang='lat' dir='ltr'><strong>quae</strong></span> <span class='ocrx_word' id='word_1_65' title='bbox 928 683 999 739; x_wconf 79' lang='lat' dir='ltr'><strong>gesta</strong></span> 
     </span>
     <span class='ocr_line' id='line_1_9' title="bbox 112 739 997 804; baseline 0.003 -17"><span class='ocrx_word' id='word_1_66' title='bbox 112 740 145 787; x_wconf 89' lang='lat' dir='ltr'><strong>Et</strong></span> <span class='ocrx_word' id='word_1_67' title='bbox 154 739 305 788; x_wconf 88' lang='lat' dir='ltr'><strong>dixeruntad</strong></span> <span class='ocrx_word' id='word_1_68' title='bbox 313 739 434 789; x_wconf 83' lang='lat' dir='ltr'><strong>invicem:</strong></span> <span class='ocrx_word' id='word_1_69' title='bbox 445 740 537 790; x_wconf 83' lang='lat' dir='ltr'><strong>Nonne</strong></span> <span class='ocrx_word' id='word_1_70' title='bbox 569 746 638 788; x_wconf 88' lang='lat' dir='ltr'><strong>erant</strong></span> <span class='ocrx_word' id='word_1_71' title='bbox 651 740 677 787; x_wconf 91' lang='lat' dir='ltr'><strong>in</strong></span> <span class='ocrx_word' id='word_1_72' title='bbox 691 739 739 798; x_wconf 84' lang='lat' dir='ltr'><strong>via,</strong></span> <span class='ocrx_word' id='word_1_73' title='bbox 758 746 783 788; x_wconf 90' lang='lat' dir='ltr'><strong>et</strong></span> <span class='ocrx_word' id='word_1_74' title='bbox 797 739 924 804; x_wconf 89' lang='lat' dir='ltr'><strong>quomodo</strong></span> <span class='ocrx_word' id='word_1_75' title='bbox 939 756 997 804; x_wconf 86' lang='lat' dir='ltr'><strong>cog·</strong></span> 
     </span>
     <span class='ocr_line' id='line_1_10' title="bbox 112 803 997 854; baseline 0.003 -3"><span class='ocrx_word' id='word_1_76' title='bbox 112 819 155 852; x_wconf 90' lang='lat' dir='ltr'><strong>cor</strong></span> <span class='ocrx_word' id='word_1_77' title='bbox 165 810 276 852; x_wconf 89' lang='lat' dir='ltr'><strong>nostrum</strong></span> <span class='ocrx_word' id='word_1_78' title='bbox 289 804 377 853; x_wconf 86' lang='lat' dir='ltr'><strong>ardens</strong></span> <span class='ocrx_word' id='word_1_79' title='bbox 389 810 440 852; x_wconf 89' lang='lat' dir='ltr'><strong>erat</strong></span> <span class='ocrx_word' id='word_1_80' title='bbox 451 804 478 852; x_wconf 91' lang='lat' dir='ltr'><strong>in</strong></span> <span class='ocrx_word' id='word_1_81' title='bbox 492 819 536 853; x_wconf 89' lang='lat' dir='ltr'><strong>no·</strong></span> <span class='ocrx_word' id='word_1_82' title='bbox 568 810 690 852; x_wconf 89' lang='lat' dir='ltr'><strong>noverunt</strong></span> <span class='ocrx_word' id='word_1_83' title='bbox 725 819 782 852; x_wconf 88' lang='lat' dir='ltr'><strong>eum</strong></span> <span class='ocrx_word' id='word_1_84' title='bbox 816 804 844 853; x_wconf 90' lang='lat' dir='ltr'><strong>in</strong></span> <span class='ocrx_word' id='word_1_85' title='bbox 877 803 997 854; x_wconf 81' lang='lat' dir='ltr'><strong>fractione</strong></span> 
     </span>
     <span class='ocr_line' id='line_1_11' title="bbox 111 867 646 942; baseline 0.004 -27"><span class='ocrx_word' id='word_1_86' title='bbox 111 867 157 926; x_wconf 93' lang='lat' dir='ltr'><strong>bis,</strong></span> <span class='ocrx_word' id='word_1_87' title='bbox 171 867 232 916; x_wconf 91' lang='lat' dir='ltr'><strong>dum</strong></span> <span class='ocrx_word' id='word_1_88' title='bbox 248 868 389 942; x_wconf 84' lang='lat' dir='ltr'><strong>loqueretur</strong></span> <span class='ocrx_word' id='word_1_89' title='bbox 406 869 432 916; x_wconf 94' lang='lat' dir='ltr'><strong>in</strong></span> <span class='ocrx_word' id='word_1_90' title='bbox 447 869 494 928; x_wconf 90' lang='lat' dir='ltr'><strong>via,</strong></span> <span class='ocrx_word' id='word_1_91' title='bbox 511 875 537 917; x_wconf 91' lang='lat' dir='ltr'><strong>et</strong></span> <span class='ocrx_word' id='word_1_92' title='bbox 569 868 646 933; x_wconf 84' lang='lat' dir='ltr'><strong>panis.</strong></span> 
     </span>
    </p>

    <p class='ocr_par' dir='ltr' id='par_1_3' title="bbox 112 932 537 996">
     <span class='ocr_line' id='line_1_12' title="bbox 112 932 537 996; baseline 0.007 -17"><span class='ocrx_word' id='word_1_93' title='bbox 112 932 215 994; x_wconf 85' lang='lat' dir='ltr'><strong>aperiret</strong></span> <span class='ocrx_word' id='word_1_94' title='bbox 232 933 305 981; x_wconf 79' lang='lat' dir='ltr'><strong>nobis</strong></span> <span class='ocrx_word' id='word_1_95' title='bbox 322 933 471 996; x_wconf 82' lang='lat' dir='ltr'><strong>scripturas?</strong></span> <span class='ocrx_word' id='word_1_96' title='bbox 503 933 537 982; x_wconf 90' lang='lat' dir='ltr'><strong>Et</strong></span> 
     </span>
    </p>
   </div>
   <div class='ocr_carea' id='block_1_3' title="bbox 379 1078 735 1148">
    <p class='ocr_par' dir='ltr' id='par_1_4' title="bbox 379 1078 735 1148">
     <span class='ocr_line' id='line_1_13' title="bbox 379 1078 735 1148; baseline -0.008 -10"><span class='ocrx_word' id='word_1_97' title='bbox 379 1079 451 1138; x_wconf 71' lang='lat' dir='ltr'><strong>reu</strong></span> <span class='ocrx_word' id='word_1_98' title='bbox 463 1079 548 1136; x_wconf 65' lang='lat' dir='ltr'><strong>untia</strong></span> <span class='ocrx_word' id='word_1_99' title='bbox 558 1081 617 1148; x_wconf 73' lang='lat' dir='ltr'><strong>poet</strong></span> <span class='ocrx_word' id='word_1_100' title='bbox 628 1078 735 1148; x_wconf 61' lang='lat' dir='ltr'><strong>{fimeta</strong></span> 
     </span>
    </p>
   </div>
   <div class='ocr_carea' id='block_1_4' title="bbox 271 1187 995 1259">
    <p class='ocr_par' dir='ltr' id='par_1_5' title="bbox 271 1187 995 1259">
     <span class='ocr_line' id='line_1_14' title="bbox 271 1187 995 1259; baseline 0.003 -17"><span class='ocrx_word' id='word_1_101' title='bbox 271 1187 372 1243; x_wconf 76' lang='lat' dir='ltr'><strong>omiu.</strong></span> <span class='ocrx_word' id='word_1_102' title='bbox 569 1203 732 1246; x_wconf 81' lang='lat' dir='ltr'><strong>summassent</strong></span> <span class='ocrx_word' id='word_1_103' title='bbox 746 1194 838 1254; x_wconf 88' lang='lat' dir='ltr'><strong>omnia,</strong></span> <span class='ocrx_word' id='word_1_104' title='bbox 850 1210 907 1259; x_wconf 83' lang='lat' dir='ltr'><strong>quae</strong></span> <span class='ocrx_word' id='word_1_105' title='bbox 921 1194 954 1244; x_wconf 89' lang='lat' dir='ltr'><strong>de</strong></span> <span class='ocrx_word' id='word_1_106' title='bbox 966 1211 995 1244; x_wconf 88' lang='lat' dir='ltr'><strong>eo</strong></span> 
     </span>
    </p>
   </div>
   <div class='ocr_carea' id='block_1_5' title="bbox 182 1259 995 1414">
    <p class='ocr_par' dir='ltr' id='par_1_6' title="bbox 182 1259 995 1414">
     <span class='ocr_line' id='line_1_15' title="bbox 182 1259 995 1374; baseline -0.025 -49"><span class='ocrx_word' id='word_1_107' title='bbox 182 1276 394 1336; x_wconf 75' lang='lat' dir='ltr'>MNIPOTENS</span> <span class='ocrx_word' id='word_1_108' title='bbox 405 1287 481 1346; x_wconf 55' lang='lat' dir='ltr'><strong>Deus,</strong></span> <span class='ocrx_word' id='word_1_109' title='bbox 495 1285 538 1350; x_wconf 67' lang='lat' dir='ltr'><strong>qui</strong></span> <span class='ocrx_word' id='word_1_110' title='bbox 568 1262 660 1374; x_wconf 55' lang='lat' dir='ltr'><strong>{cripta</strong></span> <span class='ocrx_word' id='word_1_111' title='bbox 674 1266 751 1320; x_wconf 88' lang='lat' dir='ltr'><strong>erant,</strong></span> <span class='ocrx_word' id='word_1_112' title='bbox 768 1259 922 1324; x_wconf 79' lang='lat' dir='ltr'><strong>deponentes</strong></span> <span class='ocrx_word' id='word_1_113' title='bbox 938 1275 995 1335; x_wconf 79' lang='lat' dir='ltr'><strong>enm</strong></span> 
     </span>
     <span class='ocr_line' id='line_1_16' title="bbox 212 1326 995 1414; baseline -0.026 -16"><span class='ocrx_word' id='word_1_114' title='bbox 212 1365 257 1413; x_wconf 90' lang='lat' dir='ltr'><strong>per</strong></span> <span class='ocrx_word' id='word_1_115' title='bbox 287 1350 441 1414; x_wconf 83' lang='lat' dir='ltr'><strong>unigenitum</strong></span> <span class='ocrx_word' id='word_1_116' title='bbox 469 1360 538 1400; x_wconf 91' lang='lat' dir='ltr'><strong>tuum</strong></span> <span class='ocrx_word' id='word_1_117' title='bbox 587 1342 601 1374; x_wconf 59' lang='grc' dir='ltr'>θ</span> <span class='ocrx_word' id='word_1_118' title='bbox 623 1326 698 1389; x_wconf 78' lang='lat' dir='ltr'><strong>hgm,</strong></span> <span class='ocrx_word' id='word_1_119' title='bbox 727 1331 862 1388; x_wconf 89' lang='lat' dir='ltr'><strong>posuerunt</strong></span> <span class='ocrx_word' id='word_1_120' title='bbox 886 1338 944 1372; x_wconf 73' lang='lat' dir='ltr'><strong>eum</strong></span> <span class='ocrx_word' id='word_1_121' title='bbox 969 1340 995 1372; x_wconf 81' lang='lat'><strong>1¹1</strong></span> 
     </span>
    </p>
   </div>
   <div class='ocr_carea' id='block_1_6' title="bbox 112 1388 995 1538">
    <p class='ocr_par' dir='ltr' id='par_1_7' title="bbox 112 1388 995 1538">
     <span class='ocr_line' id='line_1_17' title="bbox 115 1388 994 1477; baseline -0.025 -17"><span class='ocrx_word' id='word_1_122' title='bbox 115 1413 207 1461; x_wconf 90' lang='lat' dir='ltr'><strong>Filium</strong></span> <span class='ocrx_word' id='word_1_123' title='bbox 221 1415 307 1477; x_wconf 90' lang='lat' dir='ltr'><strong>Jesum</strong></span> <span class='ocrx_word' id='word_1_124' title='bbox 323 1415 449 1464; x_wconf 88' lang='lat' dir='ltr'><strong>Christum</strong></span> <span class='ocrx_word' id='word_1_125' title='bbox 468 1423 538 1464; x_wconf 86' lang='lat' dir='ltr'><strong>aeter.</strong></span> <span class='ocrx_word' id='word_1_126' title='bbox 568 1396 737 1466; x_wconf 77' lang='lat' dir='ltr'><strong>monumento.</strong></span> <span class='ocrx_word' id='word_1_127' title='bbox 780 1388 849 1437; x_wconf 69' lang='lat' dir='ltr'><strong>Deus</strong></span> <span class='ocrx_word' id='word_1_128' title='bbox 867 1403 927 1467; x_wconf 52' lang='lat' dir='ltr'><strong>uero</strong></span> <span class='ocrx_word' id='word_1_129' title='bbox 943 1403 994 1464; x_wconf 73' lang='lat' dir='ltr'><strong>sus·</strong></span> 
     </span>
     <span class='ocr_line' id='line_1_18' title="bbox 112 1457 995 1538; baseline -0.015 -14"><span class='ocrx_word' id='word_1_130' title='bbox 112 1478 195 1526; x_wconf 83' lang='lat' dir='ltr'><strong>nitatis</strong></span> <span class='ocrx_word' id='word_1_131' title='bbox 220 1479 293 1528; x_wconf 90' lang='lat' dir='ltr'><strong>nobis</strong></span> <span class='ocrx_word' id='word_1_132' title='bbox 316 1479 418 1538; x_wconf 88' lang='lat' dir='ltr'><strong>aditum,</strong></span> <span class='ocrx_word' id='word_1_133' title='bbox 443 1480 539 1529; x_wconf 84' lang='lat' dir='ltr'><strong>devicta</strong></span> <span class='ocrx_word' id='word_1_134' title='bbox 569 1461 654 1503; x_wconf 61' lang='lat' dir='ltr'><strong>estam</strong></span> <span class='ocrx_word' id='word_1_135' title='bbox 675 1469 732 1503; x_wconf 65' lang='lat' dir='ltr'><strong>eum</strong></span> <span class='ocrx_word' id='word_1_136' title='bbox 756 1468 772 1502; x_wconf 51' lang='grc' dir='ltr'><strong><em>ἃ</em></strong></span> <span class='ocrx_word' id='word_1_137' title='bbox 796 1458 900 1501; x_wconf 67' lang='lat' dir='ltr'>¹¹¹01t¹¹¹⁵</span> <span class='ocrx_word' id='word_1_138' title='bbox 923 1457 995 1502; x_wconf 60' lang='lat' dir='ltr'><strong>tem</strong></span> 
     </span>
    </p>
   </div>
   <div class='ocr_carea' id='block_1_7' title="bbox 113 1517 995 1601">
    <p class='ocr_par' dir='ltr' id='par_1_8' title="bbox 113 1517 995 1601">
     <span class='ocr_line' id='line_1_19' title="bbox 113 1517 995 1601; baseline -0.005 -12"><span class='ocrx_word' id='word_1_139' title='bbox 113 1550 199 1601; x_wconf 90' lang='lat' dir='ltr'><strong>morte,</strong></span> <span class='ocrx_word' id='word_1_140' title='bbox 217 1544 346 1592; x_wconf 83' lang='lat' dir='ltr'><strong>reserasti:</strong></span> <span class='ocrx_word' id='word_1_141' title='bbox 373 1543 440 1593; x_wconf 91' lang='lat' dir='ltr'><strong>Vota</strong></span> <span class='ocrx_word' id='word_1_142' title='bbox 455 1551 539 1593; x_wconf 84' lang='lat' dir='ltr'><strong>nostra</strong></span> <span class='ocrx_word' id='word_1_143' title='bbox 568 1519 631 1568; x_wconf 60' lang='lat' dir='ltr'><strong>‘fle&#39;</strong></span> <span class='ocrx_word' id='word_1_144' title='bbox 658 1518 701 1582; x_wconf 59' lang='lat' dir='ltr'><strong>qni</strong></span> <span class='ocrx_word' id='word_1_145' title='bbox 728 1517 794 1566; x_wconf 60' lang='lat' dir='ltr'><strong>Visus</strong></span> <span class='ocrx_word' id='word_1_146' title='bbox 814 1523 851 1566; x_wconf 65' lang='lat' dir='ltr'><strong>est</strong></span> <span class='ocrx_word' id='word_1_147' title='bbox 872 1531 918 1580; x_wconf 61' lang='lat' dir='ltr'><strong>per</strong></span> <span class='ocrx_word' id='word_1_148' title='bbox 941 1517 995 1566; x_wconf 65' lang='lat' dir='ltr'><strong>dies</strong></span> 
     </span>
    </p>
   </div>
   <div class='ocr_carea' id='block_1_8' title="bbox 112 1580 995 1710">
    <p class='ocr_par' dir='ltr' id='par_1_9' title="bbox 112 1580 995 1710">
     <span class='ocr_line' id='line_1_20' title="bbox 112 1580 995 1672; baseline 0.002 -18"><span class='ocrx_word' id='word_1_149' title='bbox 112 1622 259 1670; x_wconf 89' lang='lat' dir='ltr'><strong>quaesumus,</strong></span> <span class='ocrx_word' id='word_1_150' title='bbox 284 1623 339 1671; x_wconf 85' lang='lat' dir='ltr'><strong>quae</strong></span> <span class='ocrx_word' id='word_1_151' title='bbox 365 1608 539 1672; x_wconf 83' lang='lat' dir='ltr'><strong>praeveniendo</strong></span> <span class='ocrx_word' id='word_1_152' title='bbox 568 1583 660 1632; x_wconf 68' lang='lat' dir='ltr'>¹¹¹¹¹lt⁰⁵</span> <span class='ocrx_word' id='word_1_153' title='bbox 673 1583 719 1642; x_wconf 71' lang='lat' dir='ltr'><strong>his’</strong></span> <span class='ocrx_word' id='word_1_154' title='bbox 738 1580 995 1656; x_wconf 45' lang='lat' dir='ltr'><strong>quimilasffende&#39;</strong></span> 
     </span>
     <span class='ocr_line' id='line_1_21' title="bbox 305 1645 994 1710; baseline -0.006 -13"><span class='ocrx_word' id='word_1_155' title='bbox 305 1672 310 1682; x_wconf 90' lang='lat'><strong>·</strong></span> <span class='ocrx_word' id='word_1_156' title='bbox 568 1654 624 1696; x_wconf 87' lang='lat' dir='ltr'><strong>rant</strong></span> <span class='ocrx_word' id='word_1_157' title='bbox 636 1662 692 1695; x_wconf 92' lang='lat' dir='ltr'><strong>cum</strong></span> <span class='ocrx_word' id='word_1_158' title='bbox 705 1662 735 1695; x_wconf 91' lang='lat' dir='ltr'><strong>eo</strong></span> <span class='ocrx_word' id='word_1_159' title='bbox 745 1647 778 1695; x_wconf 93' lang='lat' dir='ltr'><strong>de</strong></span> <span class='ocrx_word' id='word_1_160' title='bbox 790 1645 896 1695; x_wconf 78' lang='lat' dir='ltr'><strong>Galilaea</strong></span> <span class='ocrx_word' id='word_1_161' title='bbox 913 1661 939 1693; x_wconf 90' lang='lat' dir='ltr'><strong>m</strong></span> <span class='ocrx_word' id='word_1_162' title='bbox 953 1646 994 1710; x_wconf 88' lang='lat' dir='ltr'>Je-</span> 
     </span>
    </p>
   </div>
   <div class='ocr_carea' id='block_1_9' title="bbox 113 1711 996 3058">
    <p class='ocr_par' dir='ltr' id='par_1_10' title="bbox 172 1711 995 2284">
     <span class='ocr_line' id='line_1_22' title="bbox 569 1711 995 1775; baseline -0.005 -15"><span class='ocrx_word' id='word_1_163' title='bbox 569 1711 689 1760; x_wconf 77' lang='lat' dir='ltr'><strong>rusalemz</strong></span> <span class='ocrx_word' id='word_1_164' title='bbox 709 1711 752 1775; x_wconf 92' lang='lat' dir='ltr'><strong>qui</strong></span> <span class='ocrx_word' id='word_1_165' title='bbox 767 1725 844 1773; x_wconf 90' lang='lat' dir='ltr'><strong>usque</strong></span> <span class='ocrx_word' id='word_1_166' title='bbox 859 1724 925 1758; x_wconf 90' lang='lat' dir='ltr'><strong>nunc</strong></span> <span class='ocrx_word' id='word_1_167' title='bbox 938 1718 995 1758; x_wconf 90' lang='lat' dir='ltr'><strong>sunt</strong></span> 
     </span>
     <span class='ocr_line' id='line_1_23' title="bbox 568 1773 995 1838; baseline -0.005 -14"><span class='ocrx_word' id='word_1_168' title='bbox 568 1783 642 1824; x_wconf 89' lang='lat' dir='ltr'><strong>testes</strong></span> <span class='ocrx_word' id='word_1_169' title='bbox 653 1775 705 1838; x_wconf 86' lang='lat' dir='ltr'><strong>ejus</strong></span> <span class='ocrx_word' id='word_1_170' title='bbox 716 1775 748 1823; x_wconf 88' lang='lat' dir='ltr'><strong>ad</strong></span> <span class='ocrx_word' id='word_1_171' title='bbox 760 1773 866 1838; x_wconf 82' lang='lat' dir='ltr'><strong>plebem.</strong></span> <span class='ocrx_word' id='word_1_172' title='bbox 903 1774 937 1822; x_wconf 92' lang='lat' dir='ltr'><strong>Et</strong></span> <span class='ocrx_word' id='word_1_173' title='bbox 949 1789 995 1822; x_wconf 89' lang='lat' dir='ltr'><strong>nos</strong></span> 
     </span>
     <span class='ocr_line' id='line_1_24' title="bbox 568 1840 994 1902; baseline -0.005 -14"><span class='ocrx_word' id='word_1_174' title='bbox 568 1841 639 1890; x_wconf 84' lang='lat' dir='ltr'><strong>vobis</strong></span> <span class='ocrx_word' id='word_1_175' title='bbox 659 1840 832 1888; x_wconf 88' lang='lat' dir='ltr'><strong>annuntiamus</strong></span> <span class='ocrx_word' id='word_1_176' title='bbox 851 1853 914 1896; x_wconf 88' lang='lat' dir='ltr'><strong>eam,</strong></span> <span class='ocrx_word' id='word_1_177' title='bbox 939 1852 994 1902; x_wconf 81' lang='lat' dir='ltr'><strong>quae</strong></span> 
     </span>
     <span class='ocr_line' id='line_1_25' title="bbox 568 1902 994 1968; baseline -0.002 -16"><span class='ocrx_word' id='word_1_178' title='bbox 568 1905 599 1952; x_wconf 88' lang='lat' dir='ltr'><strong>ad</strong></span> <span class='ocrx_word' id='word_1_179' title='bbox 619 1911 701 1968; x_wconf 89' lang='lat' dir='ltr'><strong>patres</strong></span> <span class='ocrx_word' id='word_1_180' title='bbox 722 1911 819 1952; x_wconf 89' lang='lat' dir='ltr'><strong>nostros</strong></span> <span class='ocrx_word' id='word_1_181' title='bbox 837 1902 994 1966; x_wconf 90' lang='lat' dir='ltr'><strong>repromissio</strong></span> 
     </span>
     <span class='ocr_line' id='line_1_26' title="bbox 568 1966 994 2032; baseline -0.005 -16"><span class='ocrx_word' id='word_1_182' title='bbox 568 1969 634 2017; x_wconf 86' lang='lat' dir='ltr'><strong>facta</strong></span> <span class='ocrx_word' id='word_1_183' title='bbox 644 1975 680 2017; x_wconf 90' lang='lat' dir='ltr'><strong>est</strong></span> <span class='ocrx_word' id='word_1_184' title='bbox 691 1985 697 2016; x_wconf 90' lang='lat'>:</span> <span class='ocrx_word' id='word_1_185' title='bbox 718 1967 836 2032; x_wconf 90' lang='lat' dir='ltr'><strong>quoniam</strong></span> <span class='ocrx_word' id='word_1_186' title='bbox 846 1966 912 2014; x_wconf 90' lang='lat' dir='ltr'><strong>hanc</strong></span> <span class='ocrx_word' id='word_1_187' title='bbox 926 1966 994 2014; x_wconf 90' lang='lat' dir='ltr'><strong>Deus</strong></span> 
     </span>
     <span class='ocr_line' id='line_1_27' title="bbox 569 2030 993 2096; baseline -0.005 -16"><span class='ocrx_word' id='word_1_188' title='bbox 569 2031 714 2096; x_wconf 86' lang='lat' dir='ltr'><strong>adimplevit</strong></span> <span class='ocrx_word' id='word_1_189' title='bbox 745 2030 802 2079; x_wconf 86' lang='lat' dir='ltr'><strong>filiis</strong></span> <span class='ocrx_word' id='word_1_190' title='bbox 829 2030 926 2089; x_wconf 89' lang='lat' dir='ltr'><strong>nostris,</strong></span> <span class='ocrx_word' id='word_1_191' title='bbox 957 2045 993 2078; x_wconf 91' lang='lat' dir='ltr'><strong>re·</strong></span> 
     </span>
     <span class='ocr_line' id='line_1_28' title="bbox 236 2095 994 2162; baseline -0.007 -15"><span class='ocrx_word' id='word_1_192' title='bbox 236 2154 240 2162; x_wconf 32' lang='lat'><em>¹</em></span> <span class='ocrx_word' id='word_1_193' title='bbox 568 2097 687 2145; x_wconf 89' lang='lat' dir='ltr'><strong>suscitans</strong></span> <span class='ocrx_word' id='word_1_194' title='bbox 706 2096 800 2159; x_wconf 86' lang='lat' dir='ltr'><strong>Jesum,</strong></span> <span class='ocrx_word' id='word_1_195' title='bbox 829 2095 892 2143; x_wconf 89' lang='lat' dir='ltr'><strong>sicut</strong></span> <span class='ocrx_word' id='word_1_196' title='bbox 918 2101 943 2143; x_wconf 94' lang='lat' dir='ltr'><strong>et</strong></span> <span class='ocrx_word' id='word_1_197' title='bbox 968 2095 994 2142; x_wconf 88' lang='lat' dir='ltr'><strong>in</strong></span> 
     </span>
     <span class='ocr_line' id='line_1_29' title="bbox 172 2155 994 2222; baseline -0.004 -13"><span class='ocrx_word' id='word_1_198' title='bbox 172 2155 256 2209; x_wconf 72' lang='lat' dir='ltr'><strong>naun</strong></span> <span class='ocrx_word' id='word_1_199' title='bbox 268 2170 312 2220; x_wconf 71' lang='lat' dir='ltr'><strong>utu</strong></span> <span class='ocrx_word' id='word_1_200' title='bbox 325 2155 451 2222; x_wconf 65' lang='lat' dir='ltr'><strong>Ermaia.</strong></span> <span class='ocrx_word' id='word_1_201' title='bbox 569 2161 668 2209; x_wconf 87' lang='lat' dir='ltr'><strong>Psalmo</strong></span> <span class='ocrx_word' id='word_1_202' title='bbox 683 2159 791 2208; x_wconf 89' lang='lat' dir='ltr'><strong>secundo</strong></span> <span class='ocrx_word' id='word_1_203' title='bbox 807 2159 926 2221; x_wconf 87' lang='lat' dir='ltr'><strong>scriptum</strong></span> <span class='ocrx_word' id='word_1_204' title='bbox 942 2165 994 2206; x_wconf 90' lang='lat' dir='ltr'><strong>est:</strong></span> 
     </span>
     <span class='ocr_line' id='line_1_30' title="bbox 570 2222 995 2284; baseline -0.007 -11.833"><span class='ocrx_word' id='word_1_205' title='bbox 570 2225 648 2273; x_wconf 87' lang='lat' dir='ltr'><strong>Filius</strong></span> <span class='ocrx_word' id='word_1_206' title='bbox 664 2239 733 2272; x_wconf 90' lang='lat' dir='ltr'><strong>meus</strong></span> <span class='ocrx_word' id='word_1_207' title='bbox 756 2237 782 2270; x_wconf 90' lang='lat' dir='ltr'><strong>es</strong></span> <span class='ocrx_word' id='word_1_208' title='bbox 804 2230 838 2281; x_wconf 91' lang='lat' dir='ltr'><strong>tu,</strong></span> <span class='ocrx_word' id='word_1_209' title='bbox 857 2238 904 2284; x_wconf 88' lang='lat' dir='ltr'><strong>ego</strong></span> <span class='ocrx_word' id='word_1_210' title='bbox 920 2222 995 2270; x_wconf 89' lang='lat' dir='ltr'><strong>hodie</strong></span> 
     </span>
    </p>

    <p class='ocr_par' dir='ltr' id='par_1_11' title="bbox 113 2262 996 3058">
     <span class='ocr_line' id='line_1_31' title="bbox 237 2262 995 2352; baseline -0.004 -15"><span class='ocrx_word' id='word_1_211' title='bbox 237 2263 293 2311; x_wconf 50' lang='grc' dir='ltr'><strong>Λα·</strong></span> <span class='ocrx_word' id='word_1_212' title='bbox 306 2279 355 2312; x_wconf 61' lang='grc' dir='ltr'><strong>ΧῙΠ·</strong></span> <span class='ocrx_word' id='word_1_213' title='bbox 368 2262 406 2313; x_wconf 73' lang='lat'><strong>²6·</strong></span> <span class='ocrx_word' id='word_1_214' title='bbox 568 2289 642 2352; x_wconf 85' lang='lat' dir='ltr'><strong>genui</strong></span> <span class='ocrx_word' id='word_1_215' title='bbox 659 2296 690 2337; x_wconf 90' lang='lat' dir='ltr'><strong>te.</strong></span> <span class='ocrx_word' id='word_1_216' title='bbox 728 2287 803 2350; x_wconf 87' lang='lat' dir='ltr'><strong>Quod</strong></span> <span class='ocrx_word' id='word_1_217' title='bbox 821 2296 904 2335; x_wconf 88' lang='lat' dir='ltr'><strong>autem</strong></span> <span class='ocrx_word' id='word_1_218' title='bbox 921 2287 995 2335; x_wconf 89' lang='lat' dir='ltr'><strong>susci-</strong></span> 
     </span>
     <span class='ocr_line' id='line_1_32' title="bbox 183 2350 995 2415; baseline 0 -17"><span class='ocrx_word' id='word_1_219' title='bbox 183 2350 236 2399; x_wconf 86' lang='lat' dir='ltr'><strong>IRI</strong></span> <span class='ocrx_word' id='word_1_220' title='bbox 259 2351 352 2409; x_wconf 89' lang='lat' dir='ltr'><strong>fratres,</strong></span> <span class='ocrx_word' id='word_1_221' title='bbox 377 2351 422 2399; x_wconf 89' lang='lat' dir='ltr'><strong>filii</strong></span> <span class='ocrx_word' id='word_1_222' title='bbox 443 2351 538 2415; x_wconf 87' lang='lat' dir='ltr'><strong>generis</strong></span> <span class='ocrx_word' id='word_1_223' title='bbox 569 2354 631 2402; x_wconf 92' lang='lat' dir='ltr'><strong>tavit</strong></span> <span class='ocrx_word' id='word_1_224' title='bbox 648 2368 705 2401; x_wconf 91' lang='lat' dir='ltr'><strong>eum</strong></span> <span class='ocrx_word' id='word_1_225' title='bbox 727 2368 743 2400; x_wconf 87' lang='lat' dir='ltr'><strong>a</strong></span> <span class='ocrx_word' id='word_1_226' title='bbox 760 2351 871 2411; x_wconf 87' lang='lat' dir='ltr'><strong>mortuis,</strong></span> <span class='ocrx_word' id='word_1_227' title='bbox 889 2351 995 2415; x_wconf 87' lang='lat' dir='ltr'><strong>amplius</strong></span> 
     </span>
     <span class='ocr_line' id='line_1_33' title="bbox 199 2415 995 2480; baseline 0.003 -18"><span class='ocrx_word' id='word_1_228' title='bbox 199 2416 334 2475; x_wconf 88' lang='lat' dir='ltr'><strong>Abraham,</strong></span> <span class='ocrx_word' id='word_1_229' title='bbox 345 2422 369 2464; x_wconf 89' lang='lat' dir='ltr'><strong>et</strong></span> <span class='ocrx_word' id='word_1_230' title='bbox 380 2417 457 2478; x_wconf 91' lang='lat' dir='ltr'><strong>quiin</strong></span> <span class='ocrx_word' id='word_1_231' title='bbox 468 2416 539 2464; x_wconf 90' lang='lat' dir='ltr'><strong>vobis</strong></span> <span class='ocrx_word' id='word_1_232' title='bbox 567 2417 620 2480; x_wconf 89' lang='lat' dir='ltr'><strong>jam</strong></span> <span class='ocrx_word' id='word_1_233' title='bbox 641 2433 692 2466; x_wconf 93' lang='lat' dir='ltr'><strong>non</strong></span> <span class='ocrx_word' id='word_1_234' title='bbox 716 2430 868 2464; x_wconf 90' lang='lat' dir='ltr'><strong>reversurum</strong></span> <span class='ocrx_word' id='word_1_235' title='bbox 895 2415 921 2463; x_wconf 92' lang='lat' dir='ltr'><strong>in</strong></span> <span class='ocrx_word' id='word_1_236' title='bbox 943 2429 995 2464; x_wconf 91' lang='lat' dir='ltr'><strong>cor·</strong></span> 
     </span>
     <span class='ocr_line' id='line_1_34' title="bbox 114 2478 995 2545; baseline 0.001 -19"><span class='ocrx_word' id='word_1_237' title='bbox 114 2478 202 2527; x_wconf 86' lang='lat' dir='ltr'><strong>timent</strong></span> <span class='ocrx_word' id='word_1_238' title='bbox 229 2480 318 2538; x_wconf 91' lang='lat' dir='ltr'><strong>Deum,</strong></span> <span class='ocrx_word' id='word_1_239' title='bbox 343 2480 414 2528; x_wconf 92' lang='lat' dir='ltr'><strong>vobis</strong></span> <span class='ocrx_word' id='word_1_240' title='bbox 435 2481 538 2528; x_wconf 89' lang='lat' dir='ltr'><strong>verbum</strong></span> <span class='ocrx_word' id='word_1_241' title='bbox 568 2482 716 2545; x_wconf 88' lang='lat' dir='ltr'><strong>ruptionem,</strong></span> <span class='ocrx_word' id='word_1_242' title='bbox 749 2481 785 2528; x_wconf 93' lang='lat' dir='ltr'><strong>ita</strong></span> <span class='ocrx_word' id='word_1_243' title='bbox 814 2480 894 2528; x_wconf 81' lang='lat' dir='ltr'><strong>dixit=</strong></span> <span class='ocrx_word' id='word_1_244' title='bbox 930 2479 995 2541; x_wconf 88' lang='lat' dir='ltr'><strong>Quia</strong></span> 
     </span>
     <span class='ocr_line' id='line_1_35' title="bbox 113 2542 992 2606; baseline 0.002 -17"><span class='ocrx_word' id='word_1_245' title='bbox 113 2544 198 2591; x_wconf 88' lang='lat' dir='ltr'><strong>salutis</strong></span> <span class='ocrx_word' id='word_1_246' title='bbox 208 2543 281 2606; x_wconf 87' lang='lat' dir='ltr'><strong>hujus</strong></span> <span class='ocrx_word' id='word_1_247' title='bbox 291 2544 393 2592; x_wconf 91' lang='lat' dir='ltr'><strong>missum</strong></span> <span class='ocrx_word' id='word_1_248' title='bbox 409 2551 451 2592; x_wconf 92' lang='lat' dir='ltr'><strong>est.</strong></span> <span class='ocrx_word' id='word_1_249' title='bbox 489 2544 539 2606; x_wconf 85' lang='lat' dir='ltr'><strong>Qui</strong></span> <span class='ocrx_word' id='word_1_250' title='bbox 569 2546 634 2594; x_wconf 90' lang='lat' dir='ltr'><strong>dabo</strong></span> <span class='ocrx_word' id='word_1_251' title='bbox 643 2546 713 2594; x_wconf 91' lang='lat' dir='ltr'><strong>vobis</strong></span> <span class='ocrx_word' id='word_1_252' title='bbox 721 2542 992 2593; x_wconf 85' lang='lat' dir='ltr'><strong>sanctaDavidfidelia</strong></span> 
     </span>
     <span class='ocr_line' id='line_1_36' title="bbox 113 2608 996 2674; baseline 0.002 -20"><span class='ocrx_word' id='word_1_253' title='bbox 113 2608 180 2655; x_wconf 90' lang='lat' dir='ltr'><strong>enim</strong></span> <span class='ocrx_word' id='word_1_254' title='bbox 193 2608 338 2656; x_wconf 87' lang='lat' dir='ltr'><strong>habitabant</strong></span> <span class='ocrx_word' id='word_1_255' title='bbox 351 2608 496 2671; x_wconf 89' lang='lat' dir='ltr'><strong>Jerusalem,</strong></span> <span class='ocrx_word' id='word_1_256' title='bbox 514 2615 539 2657; x_wconf 92' lang='lat' dir='ltr'><strong>et</strong></span> <span class='ocrx_word' id='word_1_257' title='bbox 569 2610 679 2674; x_wconf 90' lang='lat' dir='ltr'>Ideoque</span> <span class='ocrx_word' id='word_1_258' title='bbox 701 2616 726 2658; x_wconf 90' lang='lat' dir='ltr'><strong>et</strong></span> <span class='ocrx_word' id='word_1_259' title='bbox 748 2609 808 2657; x_wconf 88' lang='lat' dir='ltr'><strong>alias</strong></span> <span class='ocrx_word' id='word_1_260' title='bbox 830 2608 912 2657; x_wconf 82' lang='lat' dir='ltr'><strong>dicit:</strong></span> <span class='ocrx_word' id='word_1_261' title='bbox 936 2608 996 2657; x_wconf 90' lang='lat' dir='ltr'><strong>Non</strong></span> 
     </span>
     <span class='ocr_line' id='line_1_37' title="bbox 113 2672 996 2735; baseline 0.001 -16"><span class='ocrx_word' id='word_1_262' title='bbox 113 2673 235 2735; x_wconf 90' lang='lat' dir='ltr'><strong>principes</strong></span> <span class='ocrx_word' id='word_1_263' title='bbox 245 2672 303 2735; x_wconf 90' lang='lat' dir='ltr'><strong>ejus,</strong></span> <span class='ocrx_word' id='word_1_264' title='bbox 315 2673 380 2721; x_wconf 89' lang='lat' dir='ltr'><strong>hunc</strong></span> <span class='ocrx_word' id='word_1_265' title='bbox 389 2672 535 2735; x_wconf 81' lang='lat' dir='ltr'><strong>ignorantes,</strong></span> <span class='ocrx_word' id='word_1_266' title='bbox 569 2675 640 2723; x_wconf 87' lang='lat' dir='ltr'><strong>dabis</strong></span> <span class='ocrx_word' id='word_1_267' title='bbox 662 2674 780 2723; x_wconf 88' lang='lat' dir='ltr'><strong>Sanctum</strong></span> <span class='ocrx_word' id='word_1_268' title='bbox 812 2679 882 2722; x_wconf 92' lang='lat' dir='ltr'><strong>tuum</strong></span> <span class='ocrx_word' id='word_1_269' title='bbox 913 2672 996 2721; x_wconf 90' lang='lat' dir='ltr'><strong>videre</strong></span> 
     </span>
     <span class='ocr_line' id='line_1_38' title="bbox 114 2737 996 2802; baseline 0.001 -19"><span class='ocrx_word' id='word_1_270' title='bbox 114 2744 138 2784; x_wconf 88' lang='lat' dir='ltr'><strong>et</strong></span> <span class='ocrx_word' id='word_1_271' title='bbox 151 2752 224 2785; x_wconf 89' lang='lat' dir='ltr'><strong>voces</strong></span> <span class='ocrx_word' id='word_1_272' title='bbox 238 2737 413 2800; x_wconf 90' lang='lat' dir='ltr'><strong>prophetarum</strong></span> <span class='ocrx_word' id='word_1_273' title='bbox 428 2752 484 2801; x_wconf 88' lang='lat' dir='ltr'><strong>quae</strong></span> <span class='ocrx_word' id='word_1_274' title='bbox 495 2753 540 2801; x_wconf 91' lang='lat' dir='ltr'><strong>per</strong></span> <span class='ocrx_word' id='word_1_275' title='bbox 570 2739 758 2802; x_wconf 87' lang='lat' dir='ltr'><strong>cormptionem.</strong></span> <span class='ocrx_word' id='word_1_276' title='bbox 796 2737 880 2785; x_wconf 91' lang='lat' dir='ltr'><strong>David</strong></span> <span class='ocrx_word' id='word_1_277' title='bbox 891 2737 959 2785; x_wconf 88' lang='lat' dir='ltr'><strong>enim</strong></span> <span class='ocrx_word' id='word_1_278' title='bbox 970 2737 996 2784; x_wconf 89' lang='lat' dir='ltr'><strong>in</strong></span> 
     </span>
     <span class='ocr_line' id='line_1_39' title="bbox 114 2801 995 2866; baseline 0.002 -19"><span class='ocrx_word' id='word_1_279' title='bbox 114 2816 188 2849; x_wconf 90' lang='lat' dir='ltr'><strong>omne</strong></span> <span class='ocrx_word' id='word_1_280' title='bbox 202 2802 332 2848; x_wconf 89' lang='lat' dir='ltr'><strong>sabbatum</strong></span> <span class='ocrx_word' id='word_1_281' title='bbox 343 2801 463 2864; x_wconf 79' lang='lat' dir='ltr'><strong>leguntur,</strong></span> <span class='ocrx_word' id='word_1_282' title='bbox 474 2801 538 2863; x_wconf 89' lang='lat' dir='ltr'><strong>judi·</strong></span> <span class='ocrx_word' id='word_1_283' title='bbox 569 2819 614 2852; x_wconf 88' lang='lat' dir='ltr'><strong>sua</strong></span> <span class='ocrx_word' id='word_1_284' title='bbox 632 2803 789 2866; x_wconf 87' lang='lat' dir='ltr'><strong>generatione</strong></span> <span class='ocrx_word' id='word_1_285' title='bbox 806 2817 862 2850; x_wconf 92' lang='lat' dir='ltr'><strong>cum</strong></span> <span class='ocrx_word' id='word_1_286' title='bbox 878 2801 995 2850; x_wconf 88' lang='lat' dir='ltr'><strong>adminis-</strong></span> 
     </span>
     <span class='ocr_line' id='line_1_40' title="bbox 114 2866 995 2929; baseline 0.002 -17"><span class='ocrx_word' id='word_1_287' title='bbox 114 2873 196 2914; x_wconf 89' lang='lat' dir='ltr'><strong>cantes</strong></span> <span class='ocrx_word' id='word_1_288' title='bbox 208 2866 388 2929; x_wconf 89' lang='lat' dir='ltr'><strong>impleverunt:</strong></span> <span class='ocrx_word' id='word_1_289' title='bbox 409 2872 433 2914; x_wconf 91' lang='lat' dir='ltr'><strong>et</strong></span> <span class='ocrx_word' id='word_1_290' title='bbox 445 2867 539 2914; x_wconf 87' lang='lat' dir='ltr'><strong>nullam</strong></span> <span class='ocrx_word' id='word_1_291' title='bbox 569 2874 664 2926; x_wconf 90' lang='lat' dir='ltr'><strong>trasset‚</strong></span> <span class='ocrx_word' id='word_1_292' title='bbox 689 2867 810 2916; x_wconf 89' lang='lat' dir='ltr'><strong>voluntati</strong></span> <span class='ocrx_word' id='word_1_293' title='bbox 833 2866 882 2915; x_wconf 91' lang='lat' dir='ltr'><strong>Dei</strong></span> <span class='ocrx_word' id='word_1_294' title='bbox 904 2866 995 2914; x_wconf 92' lang='lat' dir='ltr'><strong>dormi·</strong></span> 
     </span>
     <span class='ocr_line' id='line_1_41' title="bbox 114 2930 996 2996; baseline 0.002 -20"><span class='ocrx_word' id='word_1_295' title='bbox 114 2944 213 2976; x_wconf 84' lang='lat' dir='ltr'><strong>causam</strong></span> <span class='ocrx_word' id='word_1_296' title='bbox 234 2931 320 2979; x_wconf 91' lang='lat' dir='ltr'><strong>mortis</strong></span> <span class='ocrx_word' id='word_1_297' title='bbox 342 2930 493 2978; x_wconf 89' lang='lat' dir='ltr'><strong>invenientes</strong></span> <span class='ocrx_word' id='word_1_298' title='bbox 513 2931 538 2978; x_wconf 91' lang='lat' dir='ltr'><strong>in</strong></span> <span class='ocrx_word' id='word_1_299' title='bbox 568 2935 619 2982; x_wconf 81' lang='lat' dir='ltr'><strong>vit:</strong></span> <span class='ocrx_word' id='word_1_300' title='bbox 636 2940 660 2981; x_wconf 91' lang='lat' dir='ltr'><strong>et</strong></span> <span class='ocrx_word' id='word_1_301' title='bbox 671 2933 798 2996; x_wconf 91' lang='lat' dir='ltr'><strong>appositus</strong></span> <span class='ocrx_word' id='word_1_302' title='bbox 812 2938 849 2979; x_wconf 87' lang='lat' dir='ltr'><strong>est</strong></span> <span class='ocrx_word' id='word_1_303' title='bbox 867 2930 899 2978; x_wconf 93' lang='lat' dir='ltr'><strong>ad</strong></span> <span class='ocrx_word' id='word_1_304' title='bbox 915 2937 996 2994; x_wconf 79' lang='lat' dir='ltr'><strong>patres</strong></span> 
     </span>
     <span class='ocr_line' id='line_1_42' title="bbox 115 2994 993 3058; baseline 0.002 -18"><span class='ocrx_word' id='word_1_305' title='bbox 115 3008 152 3052; x_wconf 90' lang='lat' dir='ltr'><strong>eo,</strong></span> <span class='ocrx_word' id='word_1_306' title='bbox 174 2994 296 3056; x_wconf 88' lang='lat' dir='ltr'><strong>petierunt</strong></span> <span class='ocrx_word' id='word_1_307' title='bbox 312 3010 328 3042; x_wconf 87' lang='lat' dir='ltr'><strong>a</strong></span> <span class='ocrx_word' id='word_1_308' title='bbox 351 2995 431 3043; x_wconf 89' lang='lat' dir='ltr'><strong>Pilato</strong></span> <span class='ocrx_word' id='word_1_309' title='bbox 453 3001 479 3042; x_wconf 90' lang='lat' dir='ltr'><strong>ut</strong></span> <span class='ocrx_word' id='word_1_310' title='bbox 502 2995 538 3043; x_wconf 90' lang='lat' dir='ltr'><strong>in·</strong></span> <span class='ocrx_word' id='word_1_311' title='bbox 569 3012 633 3055; x_wconf 92' lang='lat' dir='ltr'><strong>suos,</strong></span> <span class='ocrx_word' id='word_1_312' title='bbox 665 3004 690 3045; x_wconf 91' lang='lat' dir='ltr'><strong>et</strong></span> <span class='ocrx_word' id='word_1_313' title='bbox 711 2996 774 3044; x_wconf 90' lang='lat' dir='ltr'><strong>vidit</strong></span> <span class='ocrx_word' id='word_1_314' title='bbox 802 2995 993 3058; x_wconf 84' lang='lat' dir='ltr'><strong>corruptionem.</strong></span> 
     </span>
    </p>
   </div>
   <div class='ocr_carea' id='block_1_10' title="bbox 114 3057 995 3170">
    <p class='ocr_par' dir='ltr' id='par_1_12' title="bbox 114 3057 995 3170">
     <span class='ocr_line' id='line_1_43' title="bbox 114 3057 995 3170; baseline 0.002 -65"><span class='ocrx_word' id='word_1_315' title='bbox 114 3057 322 3170; x_wconf 55' lang='lat' dir='ltr'><strong>tertic‘egenteum.</strong></span> <span class='ocrx_word' id='word_1_316' title='bbox 360 3059 472 3121; x_wconf 90' lang='lat' dir='ltr'><strong>Cumque</strong></span> <span class='ocrx_word' id='word_1_317' title='bbox 481 3074 538 3108; x_wconf 91' lang='lat' dir='ltr'><strong>con·</strong></span> <span class='ocrx_word' id='word_1_318' title='bbox 572 3060 653 3123; x_wconf 90' lang='lat' dir='ltr'><strong>Quem</strong></span> <span class='ocrx_word' id='word_1_319' title='bbox 670 3076 729 3110; x_wconf 90' lang='lat' dir='ltr'><strong>vero</strong></span> <span class='ocrx_word' id='word_1_320' title='bbox 749 3060 818 3109; x_wconf 91' lang='lat' dir='ltr'><strong>Deus</strong></span> <span class='ocrx_word' id='word_1_321' title='bbox 836 3059 995 3109; x_wconf 80' lang='lat' dir='ltr'><strong>suscitavita</strong></span> 
     </span>
    </p>
   </div>
   <div class='ocr_carea' id='block_1_11' title="bbox 112 1671 539 2104">
    <p class='ocr_par' dir='ltr' id='par_1_13' title="bbox 112 1671 539 2104">
     <span class='ocr_line' id='line_1_44' title="bbox 113 1671 538 1735; baseline 0.007 -17"><span class='ocrx_word' id='word_1_322' title='bbox 113 1671 212 1734; x_wconf 89' lang='lat' dir='ltr'><strong>aspiras,</strong></span> <span class='ocrx_word' id='word_1_323' title='bbox 220 1673 294 1720; x_wconf 92' lang='lat' dir='ltr'><strong>etiam</strong></span> <span class='ocrx_word' id='word_1_324' title='bbox 301 1672 392 1735; x_wconf 73' lang='lat' dir='ltr'><strong>jugiter</strong></span> <span class='ocrx_word' id='word_1_325' title='bbox 398 1672 538 1735; x_wconf 91' lang='lat' dir='ltr'><strong>adjuvando</strong></span> 
     </span>
     <span class='ocr_line' id='line_1_45' title="bbox 113 1737 538 1800; baseline 0.005 -18"><span class='ocrx_word' id='word_1_326' title='bbox 113 1751 266 1799; x_wconf 89' lang='lat' dir='ltr'><strong>prosequere.</strong></span> <span class='ocrx_word' id='word_1_327' title='bbox 292 1737 538 1800; x_wconf 89' lang='lat' dir='ltr'><strong>PereundemJesum</strong></span> 
     </span>
     <span class='ocr_line' id='line_1_46' title="bbox 113 1800 535 1860; baseline 0 -12"><span class='ocrx_word' id='word_1_328' title='bbox 113 1800 239 1850; x_wconf 86' lang='lat' dir='ltr'><strong>Christum</strong></span> <span class='ocrx_word' id='word_1_329' title='bbox 259 1801 395 1849; x_wconf 90' lang='lat' dir='ltr'><strong>Dominum</strong></span> <span class='ocrx_word' id='word_1_330' title='bbox 417 1809 535 1860; x_wconf 83' lang='lat' dir='ltr'><strong>nostrum,</strong></span> 
     </span>
     <span class='ocr_line' id='line_1_47' title="bbox 112 1865 539 1928; baseline 0.007 -17"><span class='ocrx_word' id='word_1_331' title='bbox 112 1865 155 1928; x_wconf 90' lang='lat' dir='ltr'><strong>qui</strong></span> <span class='ocrx_word' id='word_1_332' title='bbox 178 1870 260 1912; x_wconf 90' lang='lat' dir='ltr'><strong>tecum</strong></span> <span class='ocrx_word' id='word_1_333' title='bbox 277 1865 338 1913; x_wconf 88' lang='lat' dir='ltr'><strong>vivit</strong></span> <span class='ocrx_word' id='word_1_334' title='bbox 361 1872 385 1913; x_wconf 91' lang='lat' dir='ltr'><strong>et</strong></span> <span class='ocrx_word' id='word_1_335' title='bbox 407 1873 493 1928; x_wconf 81' lang='lat' dir='ltr'><strong>regnat</strong></span> <span class='ocrx_word' id='word_1_336' title='bbox 512 1866 539 1914; x_wconf 90' lang='lat' dir='ltr'><strong>in</strong></span> 
     </span>
     <span class='ocr_line' id='line_1_48' title="bbox 112 1929 535 1992; baseline 0.007 -17"><span class='ocrx_word' id='word_1_337' title='bbox 112 1929 206 1976; x_wconf 87' lang='lat' dir='ltr'><strong>unitate</strong></span> <span class='ocrx_word' id='word_1_338' title='bbox 225 1929 330 1992; x_wconf 91' lang='lat' dir='ltr'><strong>Spiritus</strong></span> <span class='ocrx_word' id='word_1_339' title='bbox 354 1929 438 1978; x_wconf 89' lang='lat' dir='ltr'><strong>Sancti</strong></span> <span class='ocrx_word' id='word_1_340' title='bbox 459 1930 535 1990; x_wconf 91' lang='lat' dir='ltr'><strong>Deus,</strong></span> 
     </span>
     <span class='ocr_line' id='line_1_49' title="bbox 115 1993 534 2055; baseline 0.007 -15"><span class='ocrx_word' id='word_1_341' title='bbox 115 2008 160 2055; x_wconf 90' lang='lat' dir='ltr'><strong>per</strong></span> <span class='ocrx_word' id='word_1_342' title='bbox 177 1993 261 2041; x_wconf 90' lang='lat' dir='ltr'><strong>omnia</strong></span> <span class='ocrx_word' id='word_1_343' title='bbox 278 1993 368 2042; x_wconf 80' lang='lat' dir='ltr'><strong>saecula</strong></span> <span class='ocrx_word' id='word_1_344' title='bbox 382 1993 534 2053; x_wconf 70' lang='lat' dir='ltr'><strong>saculorum.</strong></span> 
     </span>
     <span class='ocr_line' id='line_1_50' title="bbox 113 2060 201 2104; baseline 0 0"><span class='ocrx_word' id='word_1_345' title='bbox 113 2060 201 2104; x_wconf 78' lang='lat' dir='ltr'><strong>Amen.</strong></span> 
     </span>
    </p>
   </div>
   <div class='ocr_carea' id='block_1_12' title="bbox 0 0 1050 3450">
    <p class='ocr_par' dir='ltr' id='par_1_14' title="bbox 0 0 1050 3450">
     <span class='ocr_line' id='line_1_51' title="bbox 0 0 1050 3450; baseline 0 0"><span class='ocrx_word' id='word_1_346' title='bbox 0 0 1050 3450; x_wconf 95' lang='lat' dir='ltr'><strong> </strong></span> 
     </span>
    </p>
   </div>
  </div>
 </body>
</html>
