2092 3450
210 539 412 615 COENA
465 539 837 629 DOMINICA,

499 717 535 755 ET

286 831 422 914 Sacra
474 831 740 927 domnonia

340 1023 406 1070 QUAE
417 1023 513 1062 VULGO
524 1023 699 1062 NOMINATUR

423 1152 607 1248 totitem

73 1405 220 1474 Quotquot
240 1403 355 1473 cupiunt
373 1405 524 1473 participes
544 1404 603 1458 fieri
623 1406 718 1458 Sacrae
738 1406 952 1459 Communionis

109 1477 235 1529 indicent
254 1477 370 1528 nomina
389 1493 439 1528 sua
460 1477 587 1529 Parocho
606 1486 689 1529 nocte
708 1478 894 1545 praecedente,
909 1478 953 1530 vel

106 1563 202 1615 mane,
215 1556 282 1599 ante
295 1547 421 1614 inceptas
437 1547 602 1610 Matutinas‚
615 1548 659 1599 vel
672 1548 769 1600 statim
782 1559 846 1616 post
860 1549 953 1600 Matu-

107 1629 192 1670 tinas.

73 1689 104 1741 Si
127 1689 190 1757 quis
213 1697 308 1740 autem
330 1704 426 1740 eorum
447 1687 529 1739 suerit
554 1688 703 1741 manifeste
728 1689 903 1756 criminosuS,
924 1700 952 1742 et

107 1759 230 1827 populus
243 1776 277 1810 eo
290 1758 414 1810 offensus
429 1757 520 1823 suerit,
533 1759 577 1810 vel
590 1759 613 1810 si
627 1759 689 1827 quis
702 1759 795 1811 verbis
811 1770 858 1812 aut
877 1761 953 1812 facto

107 1829 267 1898 proximum
281 1828 383 1896 injuria
395 1828 535 1891 affecerit3
555 1830 698 1881 Parochus
711 1830 831 1883 advocet
821 1841 909 1883 teum
925 1840 953 1883 et

108 1899 347 1952 commonefaciat
337 1910 404 1952 tne
426 1899 483 1950 ullo
506 1899 591 1951 modo
613 1900 650 1952 ad
676 1901 808 1952 Mensam
835 1901 952 1954 Domini

107 1979 272 2039 praesumat,
286 1970 375 2022 donec
394 1969 505 2037 publice
523 1970 666 2037 professus
685 1971 765 2024 fuerit
787 1989 816 2024 se
835 1988 953 2040 pravam

107 2054 198 2093 vitam
207 2057 286 2092 suam
295 2057 391 2092 revera
399 2050 489 2108 poeni
491 2057 525 2092 en
528 2042 791 2122 tercorrexisse,ett
792 2060 839 2094 um
848 2043 952 2111 populo

108 2128 194 2181 quem
208 2111 362 2175 offenderit,
375 2120 435 2162 turn
448 2111 503 2162 illis
516 2128 587 2179 quos
606 2111 705 2178 injuria
724 2113 857 2178 affecerit,
872 2123 915 2165 sat
917 2114 953 2164 is-

106 2183 218 2246 fecisse‚
230 2181 275 2234 vel
289 2181 325 2233 ad
340 2181 489 2233 minimum
508 2199 538 2233 se
557 2182 610 2235 hoc
630 2199 715 2251 quam
734 2184 856 2252 primurn
875 2201 950 2236 com-

107 2252 194 2305 mode
207 2251 266 2304 fieri
279 2262 369 2320 possi
359 2252 438 2304 ttsac
428 2262 528 2303 t.urum

71 2324 187 2378 Eodem
200 2322 286 2374 modo
299 2339 348 2375 eos
361 2323 447 2375 etiam
460 2323 611 2374 admoneat
628 2323 771 2376 Parochus
790 2341 860 2392 quos
880 2324 953 2378 inter

108 2411 139 2447 se
153 2393 310 2446 simultates
323 2403 350 2445 et
364 2393 429 2444 odia
439 2393 543 2445 habere
557 2393 708 2461 intelligat3
728 2411 780 2446 nec
793 2412 851 2460 eos,
862 2395 951 2446 donec

107 2464 230 2517 invicem
238 2463 433 2515 reconciliatos
442 2480 504 2516 esse
515 2473 591 2515 certo
601 2464 680 2529 sciat,
689 2466 832 2532 permittat
842 2466 952 2518 Mensae

109 2534 229 2587 Domini
254 2533 312 2585 fieri
337 2533 498 2602 participes.
550 2534 675 2600 Quorum
701 2535 724 2587 si
755 2536 825 2587 alter
856 2536 953 2588 animo

107 2604 216 2658 lubenti
231 2621 344 2657 omnem
357 2604 488 2671 injuriam
501 2605 554 2657 sibi
571 2606 677 2657 factam
696 2606 858 2657 condonare
876 2606 952 2672 velit,

107 2687 136 2729 et
150 2676 212 2743 ipse
231 2675 393 2727 satisfacere
410 2691 461 2743 pro
481 2692 514 2728 eo
533 2676 608 2743 quod
628 2675 722 2743 inique
740 2676 856 2738 fecerit;
882 2678 953 2728 alter

107 2763 185 2809 vero,
198 2755 228 2796 ut
242 2761 306 2797 cum
319 2746 367 2796 illo
380 2745 408 2796 in
422 2746 551 2813 gratiam,
564 2755 646 2813 prout
661 2746 851 2798 Christianum
862 2747 952 2813 decet,

107 2817 216 2882 redeat,
226 2833 282 2867 non
293 2816 395 2868 adduci
407 2816 504 2882 possit,
513 2817 563 2868 sed
574 2816 602 2866 in
612 2816 719 2868 malitia
731 2834 782 2868 sua
792 2828 952 2884 perseveret

107 2887 288 2941 obstinatus:
313 2896 373 2938 tum
394 2887 536 2938 Parochus
556 2886 740 2954 poenitentem
763 2888 893 2941 admittat
915 2889 952 2940 ad

106 2961 226 3012 Sacram
249 2957 492 3024 Communionem,
513 2956 686 3025 pertinacem
707 2975 772 3010 vero
791 2959 828 3010 ab
847 2959 948 3012 eadem

106 3037 212 3082 arceat.
358 3042 361 3046 “

72 3102 108 3155 In
130 3099 187 3168 die,
208 3107 236 3152 et
257 3107 383 3166 tempore
402 3097 440 3152 ad
461 3097 584 3154 Sacram
607 3099 861 3154 Commonionem
874 3094 981 3146 mtnxs-

136 3180 187 3242 361
