2092 3450
296 146 331 202 tn
347 144 397 202 Bit
413 144 523 204 ennium
541 145 703 201 §uncturum

62 293 491 354 etadoraveruutDeum‚dicentes:
523 298 547 341 et
569 291 655 341 sitiunt
670 290 807 355 justitiam
830 292 948 355 quoniam

62 360 155 408 Amen.
184 356 337 417 Benedictio,
347 363 373 406 et
381 356 488 417 claritas,
522 356 570 419 ipsi
581 356 760 406 saturabuntur.
797 355 948 404 Beatimise·

61 422 226 488 etsapientia,
241 428 265 471 et
276 421 488 484 gratiommaetio,
522 420 645 469 ricordes:
662 420 780 484 quoniam
790 419 839 483 ipsi
854 419 947 469 miseri·

61 487 152 546 honor,
177 492 203 536 et
221 486 306 545 virtus,
325 492 350 534 et
371 485 491 534 fortitudo
522 484 633 533 cordiam
650 491 836 548 consequentur.
877 483 948 532 Beati

62 552 122 600 Deo
143 557 237 610 nostro,
259 551 286 598 iu
308 549 399 599 saecula
415 564 491 599 saecu-
521 548 615 597 mundo
637 549 725 597 corde:
754 548 873 612 quoniam
900 548 947 612 ipsi

60 616 151 666 lorum.
188 615 278 664 Amen.
523 613 605 661 Deum
627 612 752 661 videbunt
789 612 860 660 Beati
881 613 947 675 paci·

522 675 577 725 fici:
604 677 722 741 quoniam
743 675 788 724 filii
808 676 857 724 Dei
875 691 948 725 voca·

174 734 347 803 OEhuufltlhtm.
521 741 619 790 buntur.
646 740 726 816 ¹Beati
742 740 785 805 qui
800 741 948 816 persecutiq-

186 843 212 894 S·
225 844 332 892 Mattv·
348 855 367 892 ¹·
521 821 582 918 {¹122}
591 810 948 933 2⁹²335¹itn⁹tzttssn³¹²⁵tz

57 930 256 1057 VIDENS
290 931 363 995 Jesus
395 933 488 991 turbas,
520 949 624 996 regnum
640 932 766 982 coelorum.
803 933 874 981 Beati
890 933 948 982 estis

160 995 272 1045 ascendit
284 995 312 1044 in
322 1003 449 1058 montem3
465 1002 491 1045 et
521 1013 577 1046 cum
588 996 759 1046 maledixerint
765 996 844 1057 vobis,
858 1004 883 1045 et
893 1012 947 1060 per-

61 1076 121 1111 cum
143 1061 254 1120 sedisset,
278 1067 431 1109 accesserunt
458 1060 491 1108 ad
521 1061 598 1111 secuti
618 1076 663 1110 vos
684 1060 782 1119 fuerint,
801 1067 825 1109 et
842 1061 948 1109 dixerint,

61 1124 247 1190 eumdiscipuli
257 1123 324 1187 ejus:
341 1131 366 1174 et
377 1124 490 1188 aperiens
521 1141 595 1174 omne
623 1125 717 1174 malum
747 1125 876 1174 adversum
903 1141 947 1174 vos

61 1206 90 1240 os
107 1204 189 1248 suum,
207 1189 314 1238 docebat
327 1203 378 1248 eos,
391 1189 490 1238 dicens:
520 1189 674 1250 mentientes,
694 1197 795 1253 propter
810 1204 866 1237 me:
888 1204 947 1252 gau·

61 1253 135 1304 Beati
157 1268 279 1318 pauperes
300 1253 402 1316 spiritu:
428 1268 490 1317 quo·
521 1254 585 1313 dete,
617 1262 642 1303 et
674 1253 800 1312 exsultate,
830 1255 947 1317 quoniam

60 1317 252 1383 niamipsorum
268 1323 305 1366 est
320 1332 424 1381 regnum
440 1333 490 1365 coe·
521 1333 614 1368 merces
635 1325 718 1367 vestra
738 1318 839 1381 copiosa
862 1323 899 1366 est
921 1318 947 1366 in

60 1383 150 1432 lomna
187 1381 259 1437 Beati
269 1381 356 1431 mites:
372 1380 490 1445 quoniam
521 1381 606 1442 coelis;
622 1381 735 1431 sicenim
753 1382 874 1445 persecuti
891 1388 948 1430 sunt

60 1446 110 1512 ipsi
120 1445 282 1510 possidebunt
293 1453 390 1494 terram,
418 1445 490 1494 Beati
521 1445 662 1510 prophetas,
691 1445 734 1510 qui
761 1445 860 1494 fuerunt
889 1451 947 1494 ante

60 1511 104 1576 qui
115 1510 216 1574 lugent:
233 1509 351 1574 quoniam
366 1509 414 1572 ipsi
429 1524 487 1558 con·
519 1525 571 1559 vos.

60 1575 213 1625 solabuntur.
249 1574 320 1623 Beati
331 1574 374 1638 qui
381 1574 489 1623 esuriunt
