2092 3450
335 138 339 147 '
402 144 440 196 stit
458 143 619 202 fflututiuas.

76 305 135 357 ium
148 321 229 358 suum
242 303 349 359 sincere
367 303 516 360 credenti-1

75 375 138 440 bus,
153 374 356 443 indulgentiam
374 375 503 430 concedit

76 453 103 497 et
113 444 326 498 absolutionem.
358 445 503 514 Quaprop-
534 469 557 523 ri

76 523 120 566 ter
139 530 235 567 veram
255 513 452 583 poenitentiam
476 523 503 568 et

77 582 213 652 Spiritum
234 583 370 637 Sanctum
388 584 447 638 e'us
466 584 504 637 ab

76 669 111 706 eo
126 652 307 722 postulemus,
325 652 381 723 qub
398 601 460 706 iaec
478 669 503 707 er

75 931 192 984 tandem
204 931 241 984 ad
250 939 358 985 aeterna
366 947 426 1001 eJus
437 947 505 1000 gau·

76 722 271 791 complaceant
283 738 346 803 quae
358 739 433 776 nunc
446 723 503 790 agi-
535 681 746 802 toffiffirffgssfim

76 808 149 859 mus,
161 791 283 846 etvitam
292 792 427 862 rehquam
436 808 504 872 pure
567 816 651 883 Resp·

76 870 229 930 sancteque
237 878 413 942 peragamus,
425 871 453 916 et
465 871 505 914 ita

590 295 691 347 Postea
704 293 779 345 dicat
793 292 888 354 etiam,

571 400 702 470 Domine,
709 400 889 456 labianostra
897 418 961 473 ape-

560 486 598 524 es.

569 543 650 608 Resp.
683 541 721 594 Et
733 557 765 594 os
775 549 900 594 nostrum
913 557 962 595 an-

535 608 675 663 nuntiabit
686 610 798 663 laudem
809 620 896 664 tuam.

750 681 837 748 Deus,
846 679 875 732 in
885 678 962 749 adju-

747 765 776 802 m
788 749 910 803 intende.

692 818 823 886 Domine,
835 819 873 872 ad
885 817 962 888 adju-

535 887 660 941 vandum
671 903 724 942 nos
735 887 845 942 festina

76 1001 127 1053 dia
148 1000 362 1070 perveniamus;
387 1017 437 1069 per
459 1001 504 1070 Je·
533 1005 597 1069 Hie,
611 1003 741 1056 omnibns
763 1019 825 1055 sese
845 1003 953 1070 erigen-

77 1086 141 1122 sum
177 1069 320 1123 Christum
351 1069 505 1124 Dominum

77 1147 212 1192 nostrum.

566 1077 650 1141 tibus²
664 1075 739 1127 dicat
754 1074 899 1126 Sacerdos.

573 1181 671 1237 Gloria
684 1181 769 1250 Patri,
781 1191 810 1236 et
827 1182 917 1237 Filio:
936 1192 963 1236 et

75 1232 137 1290 iiic,
157 1244 184 1282 et
208 1231 244 1281 ad
265 1231 348 1282 tinem
369 1231 493 1282 omniurn
538 1251 557 1306 5
579 1251 653 1306 ΜΞ
664 1252 789 1318 sanem

108 1303 274 1367 murionum,
303 1303 422 1368 populus
453 1317 494 1352 re-

109 1372 255 1439 spondeat,
272 1371 373 1424 Amen.

79 1495 160 1543 'i'unc
204 1492 344 1553 Minister,
384 1490 505 1557 genibus

117 1563 202 1624 ticum,
219 1563 384 1614 Orationem
406 1561 504 1612 Domi·

118 1636 209 1683 nicam
236 1634 293 1683 alta
317 1650 385 1684 voce
407 1632 503 1692 tlicat3

118 1705 219 1771 populo
257 1705 351 1765 etiarn,
384 1703 504 1768 genibus

594 1335 652 1386 esp.
691 1321 770 1376 Sicut
782 1329 841 1375 erat
853 1321 882 1375 in
890 1321 964 1391 prin-

538 1390 620 1460 cipio,
628 1400 656 1444 et
664 1407 749 1459 nunc,
762 1400 789 1444 et
798 1407 908 1460 semper
920 1400 964 1445 :et

538 1459 853 1515 insaeculasaeculorum
863 1463 963 1515 Arnen.

568 1521 715 1573 Sacerdos,
755 1530 882 1584 Alleluia,

568 1593 652 1660 ReSP·
698 1599 740 1653 Sit
766 1601 878 1653 Nomen
907 1599 964 1653 Do-

539 1668 607 1722 mini
620 1668 806 1723 benedictum.

117 1776 202 1827 rionis.
224 1792 288 1825 cuin
309 1775 354 1824 iilo
374 1773 504 1835 eundern,
532 1786 611 1835 Tunc
644 1783 753 1834 dicatur
783 1781 828 1833 vel
859 1791 953 1833 cante.

117 1861 144 1896 et
167 1846 220 1906 liic,
245 1855 271 1895 et
295 1845 453 1910 ubieunque
478 1844 504 1893 in

120 1916 220 1966 Officio
251 1915 353 1966 Divino
386 1914 505 1966 dicenda

119 1987 162 2048 sit,
177 1986 318 2036 recitante.

81 2114 250 2236 PATER
272 2122 376 2181 noster,
400 2128 447 2181 qur
478 2128 508 2165 es

175 2183 205 2236 in
217 2182 305 2250 coelis,
314 2181 508 2237 Sanctificetur

83 2253 196 2306 Nomen
227 2261 314 2305 tuum.
367 2251 509 2305 Adveniat

82 2329 199 2390 regnum
206 2330 292 2375 tuum
307 2321 370 2374 Fiat
379 2321 508 2374 voluntas

82 2401 140 2458 tua,
165 2391 243 2446 Sicut
267 2391 296 2444 in
323 2390 404 2458 coelo,
428 2398 456 2444 et
479 2389 508 2442 in

82 2471 164 2514 terra.
195 2461 510 2529 Panemnostrumquo·

83 2530 222 2584 tidianum
244 2529 282 2584 da
310 2529 393 2583 nobis
417 2528 509 2582 hodie.

85 2601 124 2654 Et
152 2599 263 2653 dimitte
297 2599 380 2653 nobis
415 2598 511 2652 debita

84 2678 189 2737 nostra,
209 2669 287 2723 Sicut
302 2679 329 2723 et
346 2684 400 2723 nos
418 2667 510 2721 dimit·

85 2739 169 2793 timus
199 2739 372 2792 debitoribus
398 2738 510 2792 nostris.

558 1865 602 1905 tur
618 1854 746 1904 Psalmus
759 1852 804 1904 hic
819 1869 953 1919 sequens:

559 1925 612 1975 nisi
621 1926 647 1974 in
658 1923 821 1974 DieSnneto
829 1923 954 1986 Paschae,

560 1996 603 2046 cui
624 1995 679 2044 alia
698 1993 857 2059 assignatur
875 1994 955 2043 Anti-

561 2066 661 2131 phona.
704 2066 772 2116 Item
794 2064 820 2113 in
841 2063 886 2114 uie
906 2081 954 2114 un-

561 2135 731 2187 devicesimo
741 2134 954 2201 cujusquemen-

561 2207 599 2258 sis
631 2223 686 2256 non
719 2205 772 2255 hoc
804 2205 875 2269 locu,
906 2203 955 2255 sed

562 2278 589 2327 in
616 2275 756 2327 ordinario
781 2274 954 2325 Psalmorum

563 2365 652 2412 cursu,
667 2356 708 2397 est
722 2345 864 2412 legendus.

594 2481 690 2547 vnto,
701 2481 833 2538 multentur
843 2481 913 2538 But.

682 2573 754 2628 PsaL
768 2591 829 2628 xcv.

609 2667 969 2736 ENITE,exultemusDo·

634 2738 727 2792 mino:
743 2737 895 2806 jubilemus
907 2737 969 2789 Deo

86 2809 125 2862 Et
142 2824 178 2862 ne
195 2824 249 2862 nos
266 2808 384 2861 inducas
401 2807 431 2860 in
451 2815 511 2861 ten·
543 2807 656 2861 salutari
668 2816 773 2861 nostro.

85 2877 221 2932 tationem
233 2897 241 2942 ς
261 2878 316 2932 Sed
328 2877 416 2931 libera
430 2893 482 2930 nos
494 2893 512 2929 a

579 2878 810 2946 Praeoecupemus
868 2873 969 2928 faciem

86 2948 182 3002 malo:
205 2947 278 3015 Quia
295 2956 375 3000 tuum
392 2955 435 3000 est
452 2962 512 3014 reg-
544 2946 603 3015 ejus
624 2946 653 2999 in
674 2944 868 3000 confessione:
892 2953 920 3000 et
940 2944 968 2998 in

88 3033 164 3085 num,
178 3017 316 3084 Potentia,
328 3025 356 3070 et
367 3015 464 3085 gloria,
478 3017 512 3068 ln
544 3016 660 3085 psalmis
668 3014 819 3084 jubilemus
831 3014 864 3069 ei.

88 3086 375 3220 saeculasaeculorum
413 3087 512 3139 Amen.
581 3084 722 3155 Quoniam
749 3085 831 3142 Deus
850 3099 977 3156 magnus
