2040 3458
406 187 622 249 nillum

142 343 429 401 mm
528 323 614 444 ms}
630 337 699 444 m
718 321 957 470 smus

131 460 161 513 E
173 461 270 512 Deum
283 458 436 511 huhrus
450 468 501 510 :te
528 462 652 529 μῶσα)
660 462 798 528 sunguine
805 461 955 513 redemisti.

160 528 500 581 Dnninmnomfitmr.
564 531 684 583 AEtuna
696 529 743 583 tac
758 547 826 583 mm
843 531 957 584 Sanctis

104 599 500 652 Temnumpmzm
529 599 908 667 tuis:ingiorianumerari.

68 668 371 724 nistmamamr.
565 668 956 738 Salvumfacpopuiummum

104 739 173 790 Tibi
189 754 291 791 annes
306 735 410 804 Angdi
424 754 433 789 z
446 736 499 788 tibi
531 739 674 792 Domine:
691 749 721 792 et
731 739 850 792 benedic
868 738 956 792 haere·

71 807 498 861 Coelietunivaotmrec
529 808 687 861 dinume.

104 876 499 930 Tmmaunnusoes
565 879 827 946 Etregeeoset
855 877 956 931 extolle

68 947 149 1016 phin,
166 946 330 999 inoesszifli
346 961 499 1014 vocepro
528 946 887 1026 iilosusqneinaeternum.

69 1017 215 1069 clamant:
565 1017 619 1070 Per
638 1017 764 1084 singulos
780 1017 851 1083 dics,
871 1017 955 1069 bene·

106 1084 499 1149 Sanctussanctussanctus
529 1085 649 1139 dicimus
659 1096 696 1139 te.

70 1154 453 1209 DominusDeusSahaoth.
564 1157 603 1209 Et
648 1155 797 1208 laudamus
842 1155 954 1208 Nomen

106 1225 387 1278 Plenisuntooeiiet
404 1234 498 1276 terra:
528 1234 608 1278 tuum
630 1225 661 1278 in
683 1226 819 1278 saeculum
844 1236 898 1278 :et
925 1225 954 1277 in

68 1296 227 1364 majestatis
238 1294 410 1362 gioriaetuae.
529 1294 664 1348 saeculm
675 1294 778 1348 soeculi.

104 1362 499 1432 TegloriosusApostolomm
565 1362 954 1432 DignamDominedieisto:

69 1434 182 1497 chorus,
529 1433 590 1487 sine
600 1443 718 1503 peccato
730 1449 782 1486 nos
794 1433 942 1487 custodire.

105 1506 149 1557 Tc
173 1502 376 1571 Prophetarum
401 1500 499 1554 lauda-
565 1504 699 1557 Miserere
711 1503 799 1556 nostri
813 1503 954 1556 Domine:

69 1573 136 1627 bilis
146 1589 289 1638 munaus,
528 1573 660 1627 miserere
670 1572 767 1626 nostri.
854 1629 858 1637 .

105 1640 498 1709 TeMartynrmcandidatus:
565 1642 629 1696 Piat
671 1641 863 1695 misericordia
906 1650 955 1694 tua

69 1713 167 1766 laudat
178 1712 323 1764 exercitus.
530 1712 653 1765 Domine
670 1728 753 1781 super
768 1727 840 1765 nos:
859 1727 954 1780 quem·

105 1784 149 1835 Te
159 1799 210 1850 per
227 1781 325 1833 orbem
341 1789 478 1832 terrarum
491 1797 498 1833 :
528 1781 681 1836 admodum
692 1781 865 1850 speravimus
877 1780 906 1834 in
918 1792 953 1833 te.

70 1861 172 1905 sancta
183 1850 331 1904 confitetur
343 1849 480 1902 Ecclesia.
565 1852 600 1904 In
623 1860 651 1904 te
676 1851 799 1903 Domine
826 1849 953 1918 speravi:

107 1923 220 1974 Patrem
231 1921 377 1972 immensae
395 1919 499 1988 Majes·
527 1936 585 1974 non
597 1919 752 1974 confundar
763 1919 793 1972 in
811 1930 954 1973 aeternum.

70 2001 147 2112 ωδ·
599 2017 652 2070 Vel
664 2016 718 2071 hoc
733 2015 891 2071 Canticum.

134 2059 499 2126 enerandumtuum,verum
661 2105 686 2120 ,,
793 2105 798 2118 ,

71 2140 100 2184 et
110 2130 226 2182 unicum
239 2128 349 2182 fffium,
576 2106 906 2175 Dmrurntmmuuuuttn

108 2201 245 2253 Sanctum
273 2213 385 2267 quoque
414 2197 499 2250 Para·
589 2197 818 2251 ENEDICITE
860 2197 956 2252 omnia

72 2269 171 2323 clitum
184 2267 326 2337 Spiritum.
631 2283 715 2335 opera
747 2267 863 2321 Domini
898 2269 955 2320 Do·

107 2341 154 2391 Tu
166 2339 227 2390 Rex
238 2337 343 2405 gloriae,
358 2335 475 2389 Christe.
529 2336 607 2390 mino
623 2355 629 2391 ε
641 2336 754 2390 laudate
763 2347 790 2390 et
800 2336 955 2408 superexal-

107 2409 154 2461 Tu
167 2407 258 2460 Patris
270 2405 455 2475 sempiternus
469 2421 500 2458 es
529 2415 587 2460 tate
599 2423 663 2460 eum
674 2406 704 2459 in
716 2406 827 2460 saecula„

74 2478 171 2531 Filius.
566 2475 728 2529 Benedicite
759 2476 860 2544 Angeli
898 2476 955 2529 Do-

108 2544 501 2612 Tuadliberandumsuscep-
531 2545 600 2598 mini
622 2545 746 2598 Domino
772 2545 909 2600 :laudate
929 2554 956 2598 et

73 2628 153 2671 turus
173 2616 336 2669 hominem:
360 2631 418 2667 non
438 2614 501 2666 hor·
531 2614 955 2684 superexaltateeuminsaecula.

74 2687 154 2741 ruisti
166 2684 290 2752 Virginis
302 2693 419 2737 uterum.
567 2684 729 2739 Benedicite
737 2685 801 2739 coeli
813 2684 936 2737 Domino
950 2701 956 2737 :

110 2759 155 2809 Tu
165 2754 381 2808 devictomortis
389 2752 501 2806 aculeo:
532 2753 675 2808 laudateet
683 2754 884 2824 superexaltate
894 2769 957 2808 eum

76 2825 208 2896 aperuisti
221 2822 398 2878 credentibus
416 2838 503 2890 regna
532 2824 561 2876 in
574 2825 684 2878 saecula.
702 2889 704 2896 Ι

75 2897 219 2951 coelorum
569 2893 730 2947 Benedicite
751 2910 831 2963 nquae
852 2910 958 2959 omnes,

10 3008 12 3018 .
112 2969 157 3018 Tu
193 2964 230 3018 ad
266 2963 408 3017 dexteram
448 2960 503 3028 Dei
533 2979 597 3031 quae
613 2980 695 3033 super
713 2965 799 3017 coelos
818 2974 882 3017 sunt
902 2966 959 3017 Do·

78 3037 159 3091 sedes
176 3033 327 3102 :ingloria
340 3031 437 3085 Patris.
534 3033 611 3085 mino
628 3051 634 3086 :
658 3032 770 3087 laudate
787 3043 813 3087 et
833 3051 959 3104 superex-

112 3106 202 3174 Judex
220 3103 341 3158 crederis
359 3118 421 3156 esse
438 3117 503 3157 ven·
534 3103 620 3159 altate
632 3119 698 3159 eum
709 3103 742 3159 in
752 3104 868 3161 saecuiu

76 3187 157 3298 rurus,
572 3176 989 3248 Benediciteomnesuinmes
