2092 3450
348 171 420 228 teria
437 174 515 228 autu
532 173 557 229 in
574 175 719 240 dictantis.

77 333 145 384 iecit.
181 334 247 385 Cum
266 350 325 399 ergo
341 335 449 385 audisset
466 334 506 384 Pi·
536 349 610 400 super
636 348 741 384 crucem.
794 333 856 383 Erat
880 341 963 384 autem

76 399 144 448 latus
164 399 232 449 hunc
253 415 399 461 sermonem,
428 400 507 462 magis
537 399 665 463 scriptum:
680 400 762 463 Jusus
780 398 960 458 Nazarenum,

75 464 168 513 timuit.
205 464 239 513 Et
255 464 375 528 ingressus
391 470 428 513 est
461 480 506 513 rae-
537 464 782 527 RuxJunraoer.
819 463 963 526 Huncergo

76 528 171 577 torium
187 527 284 588 iterum,
304 535 328 577 et
344 528 432 577 dixita
464 529 505 592 Je-
536 527 635 576 titulum
650 528 722 576 multi
737 527 882 591 Judaeornm
898 527 962 590 lege·

76 607 150 642 snm:
169 592 331 642 Undeestu?
344 593 506 656 Jesusautem
536 599 609 640 runt:
626 592 684 656 quia
692 607 770 656 prope
779 592 903 640 civitatem
912 599 963 640 erat

75 671 224 720 responsum
235 671 287 705 non
297 656 366 704 dedit
378 657 407 705 ei.
436 657 506 705 Dicit
536 655 614 717 locus,
628 655 671 704 ubi
683 655 811 704 crucifixus
826 663 863 704 est
873 657 944 719 Jesus
956 673 963 716 ;

76 736 139 784 ergo
149 720 173 769 ei
190 719 298 770 Pilatus:
317 719 383 770 Mihi
401 736 453 769 non
470 721 506 769 lo·
536 727 561 769 et
597 727 649 769 erat
684 721 802 784 scripturn
835 719 959 778 hebraice,

75 784 179 849 queris?
194 784 273 834 nescis
284 784 343 849 quia
358 790 506 848 potestatem
535 800 622 896 grece,
632 790 656 833 et
662 783 745 834 latine„
771 784 896 833 Dicebant
904 799 963 847 ergo

75 849 161 898 habeo
176 848 317 912 crucifigere
334 855 366 908 te,
383 856 408 898 et
424 856 506 912 potes·
557 849 617 898 ilato
652 847 781 912 pontifices
808 849 962 912 Judaeorum:

76 919 155 962 tatem
166 912 433 963 habeodimitterete?
457 913 506 961 Re·
536 912 598 961 Noli
609 913 721 973 scribere,
737 913 790 961 Rex
800 913 943 976 Judaeorum
955 930 963 971 ;

76 977 180 1041 spondit
200 978 289 1041 Jesus:
321 977 382 1025 Non
402 977 506 1026 haberes
536 977 579 1024 sed
591 977 649 1040 quia
665 977 718 1041 ipse
734 977 810 1025 dixit:
837 977 892 1024 Rex
907 992 962 1025 surn

76 1041 502 1106 potestatemadversummeullam,
533 1041 684 1104 Judaeorum
748 1041 888 1104 Respondit
922 1041 962 1089 Pi·

76 1105 126 1153 nisi
142 1105 189 1154 tibi
205 1105 291 1154 datum
308 1112 371 1154 esset
390 1106 500 1169 desuper.
535 1105 618 1155 latus:
646 1104 721 1168 Quod
742 1106 835 1168 scripsi,
866 1104 958 1169 scripsi.

78 1169 214 1233 Propterea
227 1170 270 1234 qui
285 1185 326 1218 me
336 1169 437 1218 tradidit
448 1170 502 1229 tibi,
536 1169 630 1218 Milites
641 1185 699 1232 ergo
716 1185 773 1218 cum
788 1168 963 1218 crucifixissent

76 1233 158 1296 majus
168 1241 298 1298 peccatum
306 1233 389 1283 habet.
425 1234 506 1282 Etex·
537 1249 601 1294 eum,
638 1241 785 1298 acceperunt
816 1233 962 1282 vestimenta

76 1297 137 1346 inde
147 1298 273 1362 quaerebat
282 1297 375 1346 Pilatus
383 1297 507 1347 dimittere
537 1297 589 1360 ejus
632 1299 668 1359 (et
705 1298 814 1346 iecerunt
856 1305 962 1361 quatuor

77 1377 143 1410 eum
172 1362 254 1426 Judaei
265 1368 347 1411 autem
355 1361 503 1422 clamabant,
535 1369 636 1426 partes:
663 1362 794 1426 unicuique
816 1361 888 1410 militi
907 1377 962 1425 par-

78 1427 203 1475 dicentes:
221 1425 249 1476 Si
259 1426 326 1474 hunc
336 1427 447 1486 dimittis,
454 1442 506 1475 non
536 1427 605 1486 tem),
619 1433 644 1475 et
655 1427 771 1476 tunicam
807 1426 868 1474 Erat
879 1433 961 1474 autem

77 1505 104 1539 es
115 1493 209 1539 amicus
219 1489 322 1539 Caesaris
332 1507 339 1550 3
350 1490 430 1539 omnis
439 1490 505 1538 enim
536 1491 619 1540 tunica
626 1490 895 1554 inconsutilis‚desuper
903 1505 961 1538 con-

94 1554 160 1604 uise
175 1569 259 1618 regern
275 1554 341 1614 facit,
361 1554 506 1603 contradicit
536 1562 603 1603 texta
629 1570 674 1619 per
700 1562 788 1604 totum.
841 1555 962 1602 Dixerunt

76 1571 179 1669 zmari-
224 1618 319 1667 Pilatus
346 1626 429 1667 autem
449 1634 506 1666 cum
536 1634 594 1682 ergo
616 1619 648 1666 ad
670 1619 790 1668 invicem:
817 1618 878 1666 Non
899 1619 961 1668 scin-

76 1682 187 1732 audisset
197 1682 244 1732 hos
258 1698 390 1742 sermones,
403 1683 507 1731 adduxit
536 1682 624 1732 damus
642 1699 704 1743 eam,
724 1683 767 1732 sed
784 1683 914 1731 sortiamur
929 1683 961 1730 de

78 1747 143 1796 foras
156 1747 263 1822 Jesum:
280 1753 305 1796 et
321 1747 385 1796 sedit
400 1762 447 1822 pro
463 1747 505 1795 tri·
536 1747 579 1795 illa
607 1747 675 1810 cujus
702 1748 740 1796 sit.
778 1747 815 1796 Ut
841 1746 962 1810 scriptura

75 1811 172 1871 bunah,
186 1811 213 1860 in
227 1811 283 1860 loco
299 1813 343 1875 qui
358 1811 448 1860 dicrtur
464 1811 506 1859 Li·
535 1810 685 1876 impleretur,
729 1810 831 1860 dicens:
875 1811 963 1860 Partiti

77 1875 431 1934 thostrotos,hebraiceautem
439 1874 506 1925 Gab-
536 1883 593 1924 sunt
618 1876 764 1925 vestimenta
781 1891 837 1924 mea
854 1875 920 1924 sibi:
937 1883 962 1924 et

79 1939 161 1989 batha
199 1940 261 1988 Erat
276 1946 360 1988 autem
375 1955 506 2004 parasceve
536 1939 562 1988 in
599 1948 693 1989 vestem
727 1954 809 1988 meam
844 1940 963 1988 miserunt

77 2004 187 2068 paschae,
208 2003 270 2053 hora
291 2003 362 2068 quasi
383 2011 458 2063 sexta,
481 2010 506 2052 et
536 2010 634 2053 sortem.
683 2005 716 2053 Et
743 2004 834 2052 milites
861 2004 962 2068 quidem

78 2068 139 2117 dicit
148 2067 261 2132 Judaeis:
279 2067 345 2117 Ecce
359 2083 402 2117 rex
416 2076 502 2117 vester.
535 2067 590 2117 haec
605 2068 722 2117 iecerunt.
758 2068 863 2118 Stabant
879 2075 962 2116 autern

78 2132 121 2181 lili
140 2138 225 2181 autem
243 2131 401 2181 clamabant:
423 2132 504 2191 Tolle,
534 2131 606 2195 juxta
643 2148 740 2182 crucem
781 2133 841 2196 Jesu
884 2139 963 2181 mater

78 2196 146 2255 tolle,
161 2194 276 2259 crucifige
287 2211 350 2245 eum
387 2195 456 2245 Dicit
472 2196 507 2245 eis
536 2196 596 2259 ejus,
631 2203 655 2245 et
681 2212 751 2246 soror
782 2196 867 2245 matris
899 2196 958 2259 ejus,

80 2260 193 2310 Pilatus:
211 2260 307 2323 Regem
326 2267 434 2309 vestrum
454 2275 507 2309 cru·
537 2261 619 2309 Maria
631 2260 692 2310 Cleo
709 2261 756 2321 hae,
770 2268 795 2310 et
802 2261 883 2309 Maria
890 2261 961 2324 Mag·

77 2324 196 2388 cifigam?
236 2324 427 2388 Responderunt
444 2340 506 2388 pon·
537 2325 632 2374 dalene.
685 2277 749 2374 dum
776 2325 876 2374 vidisset
903 2341 962 2388 ergo

77 2388 176 2439 tifices:
198 2387 260 2438 Non
277 2388 397 2437 habemus
413 2405 505 2452 regem,
533 2390 606 2452 Jesus
627 2396 738 2450 matrem,
763 2396 788 2438 et
814 2389 963 2453 discipulum

77 2453 270 2502 nisiCaesarem.
306 2453 379 2501 Tunc
389 2468 447 2516 ergo
459 2461 507 2501 tra·
536 2460 642 2502 stantem
661 2469 736 2517 quem
755 2454 881 2517 diligebat,
902 2454 962 2502 dicit

76 2516 142 2566 didit
152 2517 189 2566 eis
200 2517 270 2565 illum
281 2523 309 2565 ut
318 2516 504 2580 crucifigeretur.
537 2517 609 2566 matri
620 2533 687 2567 suae:
706 2518 804 2577 Mulier,
824 2532 881 2566 ecce
897 2518 963 2565 filius

79 2581 245 2644 Susceperunt
267 2588 350 2629 autem
366 2581 461 2645 Jesum,
482 2588 507 2630 et
536 2588 599 2631 tuus
652 2582 750 2631 Deinde
792 2582 852 2631 dicit
890 2582 962 2630 disci-

78 2646 222 2694 eduxerunt
268 2645 302 2694 Et
323 2644 437 2708 bajulans
459 2645 506 2694 sibi
536 2646 615 2710 pulo:
640 2645 706 2695 Ecce
727 2653 806 2695 nrater
832 2653 881 2694 tua
929 2645 963 2693 Et

78 2724 185 2768 crucem,
216 2709 291 2758 exivit
318 2709 344 2758 in
374 2725 432 2758 eum
463 2709 507 2773 qui
535 2726 566 2758 ex
585 2709 628 2759 illa
649 2710 711 2758 hora
728 2726 786 2759 acce
804 2710 824 2758 it
841 2722 896 2758 eam
914 2709 962 2757 dis-

78 2774 170 2822 dicitur
198 2773 317 2822 Calvariae
344 2774 434 2834 locum,
464 2773 507 2821 he·
536 2774 632 2838 cipulus
647 2774 674 2822 in
690 2790 741 2823 sua.
800 2780 868 2822 ostea
884 2773 963 2822 sciens

78 2838 163 2887 braice
184 2844 268 2886 autem
290 2837 433 2902 Golgotha:
465 2838 509 2886 ubi
535 2838 677 2902 Jesusquia
693 2837 778 2886 omnia
794 2846 963 2886 consummata

80 2900 253 2951 crucifixerunt
273 2917 337 2960 eum,
359 2909 457 2951 etcum
478 2917 508 2950 eo
537 2909 602 2962 sunt,
616 2911 644 2950 ut
662 2908 872 2950 consummaretur
888 2902 962 2966 scrip·

79 2967 143 3015 alios
153 2965 218 3014 duos
227 2965 286 3015 hinc
295 2974 320 3014 et
330 2965 509 3024 hincmedium
536 2973 598 3026 tura,
618 2966 698 3014 dixit:
718 2965 789 3015 Sitio.
833 2965 884 3014 Vas
904 2981 962 3029 ergo

79 3037 164 3079 autem
191 3045 268 3079 esum
311 3029 415 3095 Scripsit
426 3036 509 3079 autem
536 3037 587 3079 erat
618 3029 726 3094 positum
753 3035 825 3078 aceto
851 3029 959 3094 plenum.

80 3103 105 3145 et
128 3095 147 3144 ti
186 3110 229 3144 um
248 3093 360 3144 Pilatus:
383 3102 408 3144 et
425 3096 507 3160 posuit
537 3096 579 3144 illi
607 3100 690 3143 autem
712 3094 843 3160 spongiam
863 3093 968 3159 plenam

146 3166 178 3223 75
