2092 3450
329 174 364 230 fin
380 175 429 232 dic
446 179 534 236 Sancti
552 182 639 240 ducati
656 185 780 253 donauit.

244 331 416 402 OEitattfftiium.
574 334 652 385 Filius
671 335 721 385 Dei
741 336 814 412 vivi·
836 336 999 413 Respondent

179 530 268 579 ENIT
297 529 369 593 Jesus
401 528 428 576 in
457 534 539 592 partes
571 536 596 577 et
615 529 713 591 sanguis
734 544 785 577 non
806 529 924 580 revelavit
942 531 996 588 tibi,

218 595 337 643 Caesareae
360 592 484 657 Philippi:
514 600 540 641 et
571 593 615 641 sed
638 593 712 641 Pater
729 608 807 652 meus,
824 594 867 657 qui
886 593 914 642 in
929 594 999 643 coelis

115 658 279 720 interrogabat
311 657 445 720 discipulos
471 672 535 716 suos,
571 664 614 704 est.¹
651 657 684 705 Et
700 671 747 720 ego
762 656 819 706 dico
835 657 889 717 tibi,
903 659 962 722 quia
972 664 999 707 tu

113 723 211 771 dicens:
229 722 309 784 Quem
327 722 411 769 dicunt
428 721 540 769 homines
572 721 700 780 esPetnrs,
715 729 739 770 et
750 722 998 786 superhancpetram

114 802 166 835 esse
178 786 268 834 Filium
286 785 420 834 Hominis?
451 785 488 834 At
504 785 541 833 illi
572 783 699 834 aedificabo
721 784 848 833 ecclesiam
863 802 954 846 meam,
974 794 999 835 et

113 851 241 899 dixerunt:
261 850 313 897 Alii
332 850 454 913 Joannem
473 848 538 912 Bap·
571 856 648 912 portae
668 848 738 897 inseri
759 864 811 898 non
829 850 999 913 praevalebunt

113 915 203 972 ustam,
222 914 264 961 alii
286 921 369 962 autern
386 913 476 972 Eliam,
496 913 539 961 alii
570 913 685 961 adversus
707 928 769 962 eam.
807 913 840 963 Et
861 915 908 963 tibi
933 914 999 963 dabo

112 994 171 1026 vero
191 977 332 1041 Jererniam,
352 984 394 1026 aut
415 993 491 1026 unum
509 993 539 1026 ex
571 976 651 1026 claves
658 977 726 1040 regni
734 977 860 1028 coelorum.
880 978 999 1042 thuod-

130 1042 246 1106 rophetis.
293 1042 362 1090 Dicit
383 1041 432 1090 illis
452 1041 538 1104 Jesus:
571 1056 675 1152 cumciue
684 1041 797 1104 ligaveris
808 1057 882 1106 super
899 1049 995 1102 terram,

112 1058 165 1154 iios
184 1113 266 1154 autem
283 1121 357 1170 quem
373 1121 414 1154 mc
433 1121 485 1154 esse
501 1106 538 1153 di·
571 1106 616 1154 erit
646 1105 738 1169 igatum
760 1113 784 1154 et
806 1106 832 1155 in
859 1106 944 1156 coelis:
974 1115 998 1156 et

112 1171 186 1220 citis?
218 1170 380 1235 Respondens
393 1169 481 1219 Simon
492 1170 538 1218 Pe·
570 1170 741 1234 quodcumque
751 1169 852 1219 solveris
863 1185 938 1235 super
951 1178 998 1220 ter·

112 1241 163 1283 trus
185 1234 261 1284 dixit:
294 1234 335 1282 Tu
362 1250 388 1283 es
416 1234 535 1294 Christus,
570 1249 631 1293 ram,
639 1233 684 1282 erit
695 1234 802 1282 solutum
813 1234 963 1285 etincoelis.

335 1370 371 1427 liu
386 1369 435 1426 dit
451 1368 542 1428 Sancti
558 1368 646 1427 nauti
661 1369 784 1439 danduli.

266 1487 364 1543 &⁸¹5st
570 1513 640 1556 erunt
665 1507 755 1571 singuli
782 1508 808 1556 in
835 1509 997 1558 ministerium

177 1596 295 1655 RIBUE‚
309 1596 446 1646 misericors
458 1596 536 1656 Deus,
569 1572 851 1700 ffltttr‘iiffislfabgffibss
867 1573 997 1686 523³&

691 1672 697 1685 ’
987 1675 994 1696 5

208 1668 235 1709 Ut
246 1661 307 1710 Sicut
324 1669 421 1736 smus
431 1662 539 1725 Jaoebus
568 1701 692 1749 mittentes
700 1700 732 1748 ad
744 1701 851 1750 seniores
876 1718 996 1750 ermanus

112 1726 248 1788 Apostolus
259 1733 322 1784 tuus,
337 1725 422 1773 relicto
433 1732 503 1789 patre
514 1733 538 1774 et
569 1764 689 1813 Bamabae
716 1771 741 1813 et
769 1717 875 1814 Sanni)
899 1766 994 1814 Eodem

112 1789 538 1865 mnibusquiehabebat‘fopiinup
568 1833 650 1878 autem
667 1836 716 1876 tem
735 1844 777 1877 ore
795 1829 863 1877 misit
880 1829 995 1878 Herodes

111 1854 228 1901 obediens
240 1853 284 1902 fun
296 1863 418 1903 vocationi
427 1854 448 1901 F
450 1854 485 1902 dn
492 1861 535 1913 tui,
567 1908 610 1941 rex
631 1844 734 1951 manus?
744 1900 772 1941 ut
793 1892 906 1956 affligem
923 1910 995 1958 quos·

111 1925 135 1965 et
157 1932 213 1966 eum
236 1926 272 1966 θεῖ
291 1925 402 1978 secum„
424 1923 460 1966 sta
480 1933 534 1976 Μ’
568 1957 625 2004 dam
634 1956 779 2006 deecclesia
809 1957 994 2007 Occiditautem

111 2045 248 2093 carnalibus
265 2045 399 2106 affectibus,
414 2047 537 2095 mandatis
565 2021 687 2095 «limbum
704 2021 803 2069 fratrem
821 2021 926 2097 J⁰³¹²¹¹d⁵
942 2022 994 2086 gla‘

110 2109 158 2157 tuis
176 2110 267 2158 sanctis
285 2125 383 2173 semper
416 2126 533 2159 areamus.
567 2085 616 2133 ‘1¹⁰'
652 2085 747 2133 V¹de¹¹⁵
766 2093 850 2133 autem
866 2101 925 2149 ΨΜ
942 2087 994 2150 Pla·

111 2173 157 2221 Per
166 2172 251 2235 Jesum
263 2173 388 2222 Christum
426 2175 537 2224 ominum
567 2154 632 2197 cerei
646 2149 747 2212 JUdaeiS»
767 2149 883 2212 a1³P0‘0'Uit
904 2156 932 2200 ut
951 2166 993 2215 ap·

109 2244 228 2287 nostrum,
263 2241 352 2288 Amen·
567 2212 728 2276 prehenderet
739 2219 764 2262 et
776 2214 882 2264 Petrum.

110 1981 200 2030 relictis
222 1982 336 2030 omnibus
358 1982 488 2031 mundanis
513 1990 537 2031 et

696 2332 871 2400 Etiamnum.

673 2428 699 2479 S.
712 2428 784 2478 Matt.
798 2446 841 2479 xx.
850 2443 890 2480 20.

630 2517 993 2570 UNCaccessitadeummater

184 2372 267 2426 {tntu
280 2387 324 2437 ott
338 2374 465 2439 Euiutuiu.

179 2480 236 2529 Act.
248 2480 279 2528 xi.
291 2489 331 2541 27,
342 2480 373 2527 ad
385 2479 426 2529 xii.
438 2491 461 2543 3.

112 2579 174 2700 IN
203 2580 241 2629 his
273 2580 360 2628 diebus
389 2596 533 2643 supervene-
646 2581 992 2633 filiorumZebedaeicumfiliis

180 2651 236 2694 runt
255 2645 287 2693 ab
301 2644 461 2708 Jerosolymis
477 2661 533 2710 pro·
564 2644 621 2706 suis,
635 2646 741 2695 adorans
752 2654 776 2695 et
793 2654 880 2710 petens
898 2650 991 2714 aliquid

107 2708 190 2772 phetae
221 2708 395 2757 Antiochiam:
424 2716 448 2758 et
481 2725 533 2758 sur·
564 2710 596 2758 ab
607 2725 644 2759 eo.
681 2710 731 2772 Qui
743 2711 804 2760 dixit
814 2712 851 2760 ei:
864 2713 932 2775 Quid
940 2715 992 2763 vis?

106 2788 167 2836 gens
175 2788 238 2822 unus
247 2789 277 2822 ex
285 2773 533 2836 eisnomineAgabus
564 2774 609 2823 Ait
620 2774 671 2823 illi:
688 2775 736 2823 Dic
752 2783 780 2824 ut
791 2776 892 2825 sedeant
903 2777 929 2825 hi
941 2779 991 2827 duo

106 2837 258 2900 significabat
266 2854 310 2902 per
319 2838 531 2902 Spiritumsamem
563 2837 608 2887 filii
634 2839 691 2898 mei,
715 2855 778 2888 unus
805 2840 838 2887 ad
864 2840 990 2890 dexteram

106 2917 222 2964 magnam
244 2903 350 2951 futuram
371 2903 397 2950 in
419 2904 532 2951 universo
562 2910 637 2962 tuam,
652 2910 676 2951 et
691 2918 754 2951 unus
770 2903 803 2951 ad
819 2904 951 2965 sinistram,
965 2908 991 2955 in

106 2965 166 3014 orbe
187 2974 313 3026 terrarum,
338 2981 393 3030 quae
409 2965 474 3015 sacta
495 2974 532 3015 est
562 2982 637 3029 regno
649 2974 698 3016 tuo.
736 2967 989 3031 Respondensautem

106 3029 151 3078 sub
161 3029 273 3079 Claudio,
310 3031 527 3094 Discipuliautem,
560 3030 632 3093 Jesus
651 3031 728 3079 dixit:
745 3030 853 3080 Nescitis
870 3034 932 3097 quid
947 3050 989 3098 pe·
1035 3033 1038 3048 ⁴

105 3102 179 3155 prout
200 3095 254 3158 quis
275 3094 389 3154 habebat,
412 3110 530 3158 proposu·
563 3095 627 3144 tatis.
664 3095 770 3144 Potestis
781 3096 867 3145 bibere
877 3098 986 3159 calicem,

164 3170 214 3221 132
