2040 3458
73 206 128 251 luc·
148 203 205 249 l‘ll.
463 191 570 256 liminii.
831 188 861 232 Aa

99 345 225 398 umeri
253 353 336 395 auem
363 345 492 395 haedin-
524 345 861 410 tnrzqnianominussu

66 414 129 463 bunt
145 421 233 462 terram
248 417 291 460 :ct
306 409 493 460 delectabuntur
524 425 714 459 manumsuam.

68 480 94 527 in
105 477 262 527 multitudine
272 475 346 540 pacis
555 475 645 538 Junior
660 475 703 533 sni,
718 475 811 522 etenim
827 489 861 522 ser

101 540 249 592 observabit
259 547 374 604 peccator
381 538 492 602 justum
524 554 575 587 non
599 539 651 587 vidi
676 538 772 602 justum
799 538 861 587 derel

69 618 93 656 et
104 607 216 656 stridebit
228 603 493 669 supermmdentibus
525 618 570 652 nec
591 618 676 652 semen
698 603 752 666 ejus
777 618 861 668 quaero

69 688 125 720 suis
523 683 588 716 nem

102 734 224 783 Dominus
261 740 343 782 autem
382 731 493 780 irridebit
556 732 622 781 Tota
638 731 680 781 die
698 733 828 780 miseretur
842 737 861 779 et

69 815 146 848 eum:
176 797 277 846 uoniam
293 797 410 862 prospicit
426 796 493 861 quod
523 796 660 846 modatzet
672 811 759 845 semen
770 795 861 846 illiusir

69 863 150 912 veniet
159 814 214 910 dies
225 861 284 924 ejus
524 860 632 909 dictione
643 861 695 908 erit.

101 926 219 975 Gladium
236 925 426 988 evaginaverunt
437 940 492 989 pec·
557 925 664 974 Declina
679 940 696 973 a
711 924 788 983 malo,
807 930 832 973 et
850 924 861 972 i

69 999 163 1040 catores
188 1007 194 1039 ι
222 990 379 1039 intenderunt
411 1005 494 1038 arcum
525 1005 606 1038 num:
623 997 647 1038 et
663 989 777 1038 inhabita
795 989 823 1037 in
837 1004 861 1038 sa

69 1070 147 1104 suum.
526 1053 615 1102 sacculi.

103 1117 494 1182 Utdejicinntpauperemetino·
559 1117 861 1182 QuiaDominusamntju

70 1198 127 1247 pem
140 1191 180 1230 :ut
190 1183 312 1230 trucident
323 1182 491 1231 rectoscorde.
527 1190 552 1231 et
583 1180 634 1231 non
665 1182 821 1247 derelinquet
855 1197 861 1230 t

101 1246 205 1295 Gladius
222 1261 307 1294 eorum
320 1247 494 1296 intretincor·
527 1263 584 1296 suos
604 1264 611 1295 :
632 1247 658 1295 in
680 1254 800 1295 aeternum
827 1261 861 1295 coi

69 1311 103 1360 da
120 1311 229 1374 ipsorum
250 1318 297 1358 :et
319 1327 389 1360 arcus
410 1326 495 1360 eorum
527 1312 624 1360 buntur.

69 1375 242 1437 confringatur.
560 1375 648 1439 injusti
663 1375 798 1439 punientur
812 1393 818 1424 :
830 1382 855 1423 et

102 1438 192 1487 Melius
209 1444 245 1486 est
261 1438 387 1487 modicum
406 1438 494 1502 justo:
527 1441 561 1488 im
581 1440 659 1488 iomm
670 1438 768 1502 peribit

69 1518 142 1567 super
151 1502 250 1551 divitias
261 1512 417 1567 peccatorum
433 1503 495 1551 mul-
557 1456 623 1568 lbsti
654 1510 737 1552 autem
773 1503 861 1552 haeredi

70 1577 113 1616 tas.
528 1576 617 1617 terram
643 1585 650 1616 z
674 1574 700 1616 et
726 1567 861 1616 inhabitnbi

102 1631 225 1693 Quoniam
233 1631 496 1695 brachiapeccatorum
528 1633 643 1681 saeculum
655 1631 737 1680 saeculi
749 1648 861 1695 superea

70 1705 224 1744 conterentur
241 1713 246 1742 :
264 1695 391 1743 confirmat
413 1705 495 1743 autem
560 1699 596 1745 Os
610 1697 668 1759 justi
685 1697 861 1744 meditabitur:

68 1763 146 1825 justos
157 1760 286 1807 Dominus.
527 1765 586 1810 tiam
606 1781 612 1809 :
629 1769 652 1809 et
672 1761 757 1824 lingua
774 1761 827 1823 ejus
843 1761 861 1809 lt

102 1824 181 1872 Novit
198 1824 321 1872 Dominus
336 1825 389 1872 dies
408 1824 495 1872 immn—
525 1827 650 1889 judicium.

70 1890 205 1938 culatorum
217 1906 222 1935 z
235 1898 258 1935 et
271 1889 399 1936 haereditas
411 1905 495 1936 eorum
560 1893 612 1938 Lex
621 1890 669 1938 Dei
678 1889 730 1951 ejus
739 1890 765 1937 in
778 1890 852 1938 corde

71 1956 96 2002 in
106 1960 223 2000 aeternum
236 1954 287 2000 erit.
527 1964 551 2003 et
563 1971 613 2003 non
624 1954 861 2018 supplantabunturg

103 2017 162 2064 Non
185 2017 364 2064 contundentur
385 2017 410 2064 in
435 2025 495 2064 tern-
528 2019 585 2082 ejus.

70 2097 130 2146 pore
141 2081 206 2128 malo
222 2089 264 2128 :et
281 2081 306 2127 in
321 2082 408 2130 diebus
425 2081 496 2129 famis
561 2083 705 2132 Considerat
717 2091 835 2145 peccator
843 2083 861 2145 ji

70 2145 248 2203 saturabuntur,
274 2145 333 2209 quia
357 2154 496 2208 peccatores
527 2156 551 2196 et
563 2148 649 2210 quaerit
661 2147 808 2195 mortificare
820 2163 861 2195 eur

70 2210 190 2275 peribunt.
560 2213 681 2260 Dominus
693 2219 776 2259 autem
788 2227 838 2259 non
850 2213 861 2258 c'

103 2273 200 2322 Inimici
211 2289 270 2321 vero
282 2274 383 2322 Domini
399 2290 458 2322 mox
469 2282 495 2322 ut
527 2284 585 2340 quet
597 2292 653 2324 eum
665 2277 689 2323 in
701 2276 816 2323 manibus
828 2275 861 2337 ejr

70 2337 223 2387 honorificati
241 2339 329 2386 fuerint
341 2347 365 2386 et
377 2340 476 2386 exaltati
489 2357 496 2386 z
527 2341 654 2389 damnabit
666 2356 722 2387 eum
734 2355 790 2388 cum
805 2340 860 2403 judi

70 2403 217 2461 deficientes,
234 2402 443 2466 quemadmodum
459 2403 495 2451 fu·
527 2405 569 2452 illi.

70 2484 124 2516 mus
135 2466 256 2514 deficient.
560 2471 681 2532 Exspecta
695 2468 841 2527 Dominum,

103 2532 257 2579 Mutuabitur
270 2538 391 2594 peccator,
406 2538 430 2578 et
445 2547 495 2580 non
527 2535 579 2582 todi
591 2535 655 2581 viam
670 2533 736 2594 ejus;
753 2542 778 2580 et
795 2533 861 2581 exalt

70 2597 147 2646 solvet
160 2596 254 2657 :justus
270 2604 352 2643 autem
369 2596 496 2643 miseretur
528 2607 554 2646 ut
573 2599 715 2646 haereditate
737 2599 822 2660 capias
845 2605 861 2645 t<

70 2671 94 2710 et
106 2663 202 2710 tribuet.
527 2679 583 2710 cum
599 2662 714 2726 perierint
731 2669 861 2725 peccatore

104 2727 169 2789 Quia
176 2726 348 2774 benedicentes
360 2725 381 2771 ei
393 2725 495 2772 haeredi·
527 2728 572 2774 bis.

71 2793 158 2840 tabunt
185 2799 275 2839 terram
295 2808 301 2838 z
322 2789 496 2837 maledicentes
560 2792 620 2839 Vidi
652 2791 756 2854 impium
791 2807 861 2854 super

71 2865 153 2904 autem
165 2855 187 2904 ei
199 2856 357 2918 disperibunt.
527 2863 579 2903 tum
592 2874 598 2903 z
611 2863 635 2904 et
651 2856 772 2903 elevatum
791 2857 854 2904 sicut

104 2921 180 2984 Apud
193 2921 328 2968 Dominum
345 2934 440 2982 gressus
451 2919 495 2967 ho·
528 2920 623 2968 Libani.

71 2985 144 3032 minis
160 2985 294 3047 dirigentur
309 2992 351 3033 :et
362 2983 427 3032 viam
445 2983 496 3046 ejus
561 2986 592 3032 Et
605 2983 711 3040 transivi,
724 2991 748 3032 et
760 3000 818 3033 ecce
827 3001 861 3033 no

72 3047 144 3096 volet.
527 3057 551 3097 et
563 3049 663 3112 quaesivi
680 3064 744 3106 eum,
759 3056 784 3097 et
798 3066 848 3098 non

106 3112 169 3159 Cum
186 3113 307 3173 ceciderit,
327 3129 377 3163 non
396 3112 495 3162 collide·
528 3113 692 3163 ventuslocus
703 3112 763 3174 ejus.

134 3175 185 3240 238
