2092 3450
233 306 236 312 ¹
321 325 573 408 donatianum
614 324 743 408 {totio

229 534 300 587 PRO
317 532 546 587 MULIERIBUS
565 534 656 587 POST
673 534 834 590 PARTUM.

89 638 189 697 Mulier,
208 639 299 686 usitato
316 645 429 702 tempore
445 645 503 702 post
523 647 629 703 partum,
651 639 676 687 in
694 638 834 688 Ecclesiam
851 639 967 690 decenter

122 705 209 751 induta
225 704 316 761 veniat,
337 712 361 752 et
378 705 412 751 ibi
430 720 512 767 genua
528 704 611 753 flectat
629 705 656 752 in
667 704 724 753 loco
735 705 879 766 commodo,
894 716 966 769 prout

120 768 290 883 gbbdidbasmm
301 769 341 827 sit,
353 778 395 817 aut
404 769 485 818 visum
494 769 567 818 luerit
577 770 718 818 Ordinario.
757 770 858 819 Deinde
867 778 892 819 et
901 770 966 819 dicat

243 870 250 891 2

160 976 309 1027 UONIAM
333 977 402 1026 Deus
424 977 512 1027 Omni·
577 976 644 1040 Quia
657 976 748 1042 eripuit
764 977 875 1028 animam
890 992 972 1028 meam

97 1078 150 1114 A
208 1047 279 1090 otens
289 1041 405 1105 dignatus
416 1049 454 1090 est
466 1057 512 1106 pro
544 1040 577 1090 de
587 1048 667 1091 morte
680 1041 784 1091 :oculos
792 1057 863 1092 meos
871 1042 971 1107 alacry·

224 1105 301 1154 nitate
312 1120 357 1155 sua
368 1113 392 1154 te
403 1104 430 1154 in
440 1114 513 1170 partu
544 1106 599 1165 mis,
612 1107 690 1171 pedes
699 1121 769 1156 meos
780 1122 796 1155 a
806 1106 886 1183 lapsu,

85 1185 236 1229 conservare,
256 1177 281 1219 et
297 1168 324 1218 iu
340 1185 431 1233 magno
441 1170 512 1282 dmi.
577 1170 685 1220 Placebo
694 1170 805 1220 Domino
816 1188 824 1220 r
835 1170 971 1236 rnregioue

86 1234 144 1282 endi
162 1234 272 1298 periculo
290 1234 420 1293 custodire,
459 1240 512 1283 ecet
543 1233 663 1284 vivomm.

85 1304 110 1346 te
119 1298 176 1346 Deo
187 1313 218 1347 ex
227 1299 311 1347 animo
321 1298 412 1362 gratias
429 1313 509 1362 agere,
577 1298 686 1359 Credidi,
699 1306 803 1364 propter
834 1300 888 1349 uod
903 1300 969 1350 locu·

86 1371 111 1411 et
121 1362 219 1412 dicere:
544 1369 819 1439 tussurnaegoautem
844 1364 971 1415 umiliatus

543 1442 599 1477 sum
609 1443 689 1477 mmm

81 1493 180 1543 Deinde
202 1491 324 1542 Sacerdos
343 1492 411 1541 dicat
434 1492 502 1541 Psal-
576 1492 632 1555 Ego
653 1492 706 1541 dixi
726 1491 754 1541 in
772 1507 875 1543 excessu
895 1509 970 1544 meo:

216 1573 285 1606 mum
297 1556 359 1605 cxvi.
544 1555 632 1605 Omnis
643 1555 719 1605 homo
730 1556 843 1606 mendax.

576 1620 644 1683 Quid
675 1620 809 1670 retribuam
841 1622 968 1671 Domino:

150 1684 259 1744 ILEXI,
270 1683 388 1749 quoniam
397 1684 510 1733 exaudiet
542 1700 588 1748 pro
619 1685 741 1744 omnibus,
771 1701 827 1749 quae
856 1687 969 1736 retribuit

186 1749 309 1797 Dominus
329 1764 438 1797 :vocem
456 1765 509 1798 ora-
541 1748 621 1797 mihi?

84 1812 158 1862 tionis
169 1829 237 1861 meae.
575 1813 685 1862 Calicem
701 1813 814 1863 salutaris
832 1815 967 1880 accipiam:

116 1877 182 1940 Quia
197 1877 324 1926 inclinavit
340 1893 425 1926 aurem
438 1893 508 1926 suam
541 1883 566 1927 et
576 1893 668 1926 nomen
680 1877 784 1926 Domini
795 1878 925 1929 invocabo.

82 1941 143 1990 mibi
163 1960 169 1990 :
186 1949 211 1990 et
227 1941 253 1989 in
270 1942 356 1990 diebus
367 1942 428 1990 meis
439 1942 507 1991 invo-
574 1941 641 1990 Vota
659 1957 716 1991 mea
734 1942 845 1991 Domino
864 1944 967 1992 reddam

83 2007 153 2055 cabo.
541 2006 567 2054 in
574 2013 705 2069 conspectu
713 2007 793 2055 omnis
803 2008 892 2071 populi
900 2009 966 2072 ejus:

116 2070 336 2120 Circumdedenmt
354 2086 395 2119 me
410 2070 508 2119 dolores
540 2070 567 2117 in
577 2070 645 2119 atriis
656 2070 745 2120 domus
756 2071 868 2130 Domini,
878 2073 905 2121 in
916 2088 966 2122 me·

82 2135 189 2183 mortis:
205 2140 230 2183 et
246 2134 355 2198 pericula
371 2134 459 2183 inferni
470 2136 507 2184 in·
540 2135 583 2182 dio
594 2134 630 2183 tui
641 2135 783 2198 Jerusalem.
822 2136 938 2186 Alleluia

82 2206 200 2248 venerunt
211 2214 257 2247 me
572 2198 659 2248 Gloria
679 2200 754 2258 Patri,
777 2205 801 2248 et
824 2200 891 2249 Filio
913 2219 919 2250 :
942 2209 966 2250 et

114 2263 311 2312 Tribulationem
343 2268 368 2311 et
395 2263 506 2312 dolorem
541 2262 644 2326 Spiritui
656 2263 765 2323 Sancto;

81 2327 164 2376 inveni
180 2345 187 2376 ε
203 2334 228 2376 et
245 2342 337 2376 nomen
353 2327 457 2376 Domini
470 2328 506 2376 in·
572 2327 643 2377 Sicut
665 2335 717 2376 erat
738 2328 764 2376 in
786 2329 919 2393 principio,
941 2338 965 2379 et

81 2394 174 2440 vocavi.
539 2407 612 2450 nunc,
626 2397 651 2440 et
666 2407 764 2456 semper
773 2410 780 2451 ;
797 2398 822 2441 et
838 2394 864 2442 in
875 2393 966 2444 saecula

114 2456 137 2507 Ο
161 2455 277 2515 Domine,
297 2455 376 2504 libera
397 2455 506 2505 animam
539 2456 690 2505 saeculorum.
727 2457 817 2505 Amen.

81 2537 162 2570 meam
169 2539 177 2581 ;
193 2521 329 2569 misericors
339 2520 469 2580 Dominus,
481 2528 506 2569 et

79 2586 157 2648 justus
173 2603 180 2634 r
197 2591 222 2634 et
233 2585 302 2633 Deus
313 2591 397 2633 noster
406 2584 504 2634 misere·
589 2582 646 2631 Sive
661 2581 786 2632 Psalmum
799 2588 887 2634 cmvii.

81 2660 126 2699 tur.

114 2714 261 2764 Custodiens
279 2712 396 2777 parvulos
417 2713 504 2762 Domi·
609 2717 657 2767 ISI
670 2718 793 2768 Dominus
803 2718 964 2769 aedificaverit

80 2794 126 2828 nus
141 2797 148 2828 r
164 2778 307 2827 humiliatus
322 2793 385 2837 sum,
403 2785 428 2826 et
443 2777 504 2827 libe·
626 2781 729 2831 domum
742 2800 748 2831 :
759 2783 962 2834 invanumlabo-

80 2844 142 2892 ravit
153 2859 200 2893 me.
537 2852 651 2895 taverunt
679 2846 913 2898 uiaedificanteam.

113 2907 261 2956 Convertere
272 2906 356 2956 anima
366 2922 423 2956 mea
432 2906 458 2956 in
467 2923 503 2956 re·
568 2910 625 2959 Nisi
687 2912 784 2961 ominus
819 2913 962 2962 custodierit

81 2971 163 3034 quiem
184 2978 276 3020 tuam:
304 2972 363 3036 quia
381 2972 503 3021 Dominus
537 2974 661 3024 civitatem
679 2976 791 3026 :frustra
809 2977 896 3042 vigilat
917 2979 960 3042 qui

80 3034 198 3149 benefeggt
210 3036 262 3084 tibi.
536 3039 643 3088 custodit
654 3055 714 3090 earm

142 3111 159 3148 2
