2092 3450
295 171 385 236 laruas
396 173 421 227 in
434 174 522 230 insum
535 177 725 246 Nabiunntinm.

69 323 94 365 et-
111 317 218 368 attendit
239 319 295 370 voci
317 319 495 386 deprecationis
526 322 594 372 Dei:
623 330 647 372 et
674 321 803 373 consilium
830 322 952 373 Altissimi

68 397 138 430 Μ·
525 387 687 436 irritaverunt.

101 446 252 521 Benedictus
280 448 356 509 Deus,
380 449 423 513 qui
444 465 495 498 non
559 452 592 499 Et
603 451 759 500 humiliatum
773 459 810 500 est
824 451 851 501 in
863 450 952 501 labori·

69 518 163 584 amovit
184 513 322 562 orationem
343 529 444 562 meam:
472 522 496 562 et
526 515 738 565 buscoreorum:
754 516 871 564 infirmati
886 523 950 574 sunt,

70 575 264 625 misericordiam
275 592 344 626 suam
355 593 371 625 a
381 594 428 627 me
526 595 572 628 nec
583 580 628 628 fuit
640 580 682 643 qui
693 579 826 642 adjuvaret.

100 638 189 688 Gloria
212 641 287 700 Patri,
311 649 336 691 et
359 642 443 692 Filio:
473 649 498 691 et
560 645 593 693 Et
601 644 768 694 clamaverunt
778 644 954 693 adDominum

70 701 174 767 Spiritui
186 704 297 766 Sancto;
528 724 584 757 cum
600 708 790 758 tribularentur:
812 715 836 758 et
858 709 889 758 de
911 724 953 757 ne·

102 766 174 816 Sicut
196 775 249 818 erat
270 769 296 819 in
317 769 447 835 principio,
472 777 497 819 et
527 772 680 822 cessitatibus
718 788 803 822 eorum
841 773 953 822 liberavit

70 844 144 890 nunc,
158 839 183 881 et
200 848 314 898 semper:
330 835 392 884 etin
408 835 498 884 saecula
528 852 576 886 eos

70 895 222 946 saeculorum.
259 898 349 949 Amen.
561 902 594 950 Et
605 901 688 950 eduxit
700 917 742 950 eos
758 902 790 950 de
806 902 913 950 tenebris
929 908 954 949 et

528 966 719 1015 umbramortis:
730 973 755 1015 et
761 965 860 1014 vincula
868 981 953 1014 eorum

195 1055 308 1106 psalmus
316 1073 374 1108 Μ’
527 1031 730 1144 dlsddrdrldtmntm
752 1093 862 1143 Domino
880 1094 952 1142 mise·

136 1156 358 1208 ONFITEMINI
389 1159 498 1209 Domino
527 1159 639 1208 ricordiae
661 1158 730 1222 ejus:
756 1159 879 1207 mirabilia
901 1159 953 1222 ejus

148 1223 267 1286 quoniam
274 1223 498 1288 bouuszquoniam
527 1223 730 1272 filiishominum.

72 1286 98 1334 in
108 1286 226 1336 saeculum
236 1287 402 1336 misericordia
411 1288 470 1351 ejus.
561 1287 627 1350 Quia
638 1286 752 1336 contrivit
763 1293 846 1350 portas
861 1302 952 1336 aereas:

104 1351 198 1400 Dicant
215 1351 258 1415 qui
273 1352 395 1416 redempti
411 1360 467 1401 sunt
483 1369 499 1401 a
528 1360 552 1402 et
563 1360 644 1401 vectes
655 1352 745 1400 ferreos
756 1351 881 1414 confregit.

72 1415 198 1465 Domino:
209 1416 378 1480 quosredemit
385 1417 417 1466 de
424 1432 498 1466 manu
562 1416 675 1479 Suscepit
694 1431 737 1464 eos
758 1416 790 1464 de
806 1416 846 1463 via
864 1415 952 1478 iniqui·

71 1478 183 1540 inimici;
199 1487 224 1529 et
240 1479 272 1529 de
282 1481 422 1544 regionibus
440 1497 497 1530 con·
528 1481 585 1530 tatis
597 1495 699 1530 eorum:
715 1487 816 1544 propter
823 1479 953 1542 injustitias

71 1543 184 1607 gregavit
194 1559 244 1604 eos,
529 1545 594 1594 enim
606 1559 661 1593 suas
671 1543 794 1592 humiliati
805 1551 868 1592 sunt

104 1609 130 1656 A
146 1607 206 1657 solis
222 1616 277 1657 ortu
293 1616 317 1657 et
337 1624 441 1659 occasu:
466 1610 498 1657 ab
561 1609 669 1658 Omnem
680 1608 953 1657 escamabominataest

72 1671 189 1736 aquilone
199 1679 224 1721 et
235 1673 304 1722 mart
528 1673 610 1722 anima
619 1688 703 1722 eorum
715 1690 722 1720 :
738 1679 763 1720 et
771 1673 952 1737 appropinqua-

105 1737 254 1785 Erraverunt
270 1737 296 1785 in
314 1736 453 1796 solitudine,
472 1737 498 1786 in
527 1745 615 1786 verunt
625 1751 702 1800 usque
713 1736 745 1784 ad
755 1745 839 1800 portas
849 1737 941 1785 mortis

72 1802 210 1864 inaquoso:
226 1801 291 1849 viam
308 1801 413 1850 civitatis
427 1802 497 1850 habi·
561 1802 595 1850 Et
603 1801 769 1849 clamaverunt
778 1800 953 1848 adDominum

71 1864 149 1914 taculi
158 1880 210 1914 nou
220 1864 372 1922 invenerunt,
528 1881 584 1914 cum
601 1865 790 1914 tribularentur:
812 1871 836 1913 et
858 1865 890 1914 de
910 1880 952 1913 ne·

104 1928 254 1989 Fsurientes
289 1936 314 1979 et
346 1929 481 1980 sitientes:
528 1930 680 1979 cessitatibus
718 1944 803 1979 eornm
841 1928 953 1977 liberavit

71 1993 466 2056 animaeorumiuipsisdesecit.
528 2009 577 2044 eos.

104 2058 139 2106 Et
162 2057 328 2107 clamaverunt
353 2058 386 2106 ad
409 2059 497 2107 Domi·
561 2058 632 2107 Misit
642 2058 744 2107 verbum
755 2073 834 2115 snum,
848 2064 872 2106 et
883 2073 952 2105 sana·

71 2135 200 2186 numcum
215 2121 408 2171 tribularentur:
425 2130 450 2171 et
466 2123 498 2171 de
529 2123 565 2172 vit
581 2138 642 2171 eos:
665 2129 689 2171 et
706 2121 794 2185 eripuit
811 2137 853 2170 eos
869 2122 901 2170 de
917 2122 953 2169 in·

71 2186 259 2236 necessitatibus
291 2201 376 2235 eorum
409 2187 498 2251 eripuit
529 2186 785 2237 teritionibuseorum.

71 2265 123 2300 eos.
563 2251 733 2299 Confiteantur
740 2250 850 2299 Domino
860 2249 953 2298 miseri·

104 2314 140 2363 Et
166 2314 268 2363 deduxit
300 2329 342 2363 eos
374 2316 401 2362 in
432 2315 499 2364 viam
531 2315 705 2378 cordiae-ejus:
722 2322 747 2364 et
762 2314 886 2363 mirabilia
902 2314 954 2376 ejus

71 2386 181 2428 rectam:
208 2385 236 2427 ut
252 2379 315 2427 irent
331 2379 357 2428 in
374 2379 499 2428 civitatem
529 2379 586 2428 filiis
596 2379 732 2428 hominum.

70 2442 237 2492 habitationis.
562 2444 596 2492 Et
637 2443 773 2492 sacrificent
810 2441 955 2491 sacrificium

104 2506 498 2556 ConfiteanturDominomiseri-
528 2507 629 2557 laudis:
656 2515 681 2557 et
708 2506 853 2555 annuntient
880 2521 956 2569 opera

71 2571 164 2620 cordiae
180 2571 250 2634 ejus:
267 2578 292 2621 et
307 2571 431 2620 mirabilia
446 2571 499 2635 ejus
530 2571 583 2635 ejus
593 2573 619 2620 in
630 2571 799 2620 exsultatione.

71 2635 129 2684 liliis
139 2634 275 2684 hominum.
563 2636 614 2698 Qui
630 2635 782 2697 descendunt
792 2649 860 2682 mare
876 2633 903 2681 in
912 2649 955 2681 na·

106 2699 174 2762 Quia
201 2699 299 2748 satiavit
326 2699 434 2748 animam
462 2700 499 2748 in-
529 2700 618 2749 vibus:
646 2700 762 2748 facientes
789 2698 956 2762 operationem

71 2779 166 2812 anem:
188 2771 212 2812 et
229 2763 337 2811 animaru
354 2764 500 2813 esurientem
530 2765 557 2814 in
568 2763 638 2828 aquis
648 2763 738 2812 multis.

71 2827 171 2877 satiavit
181 2827 261 2876 bonis.
564 2829 616 2892 Ipsi
627 2828 739 2876 viderunt
751 2841 826 2889 opera
837 2825 940 2874 Domini
951 2843 957 2874 :

105 2891 226 2941 Sedentes
242 2892 268 2940 in
284 2891 390 2940 tenebris
407 2899 431 2941 et
447 2909 500 2942 um·
532 2899 557 2942 et
567 2891 690 2940 mirabilia
701 2890 752 2952 ejus
763 2891 790 2938 in
801 2890 931 2955 profundo.

71 2958 118 3007 bra
134 2956 241 3007 mortis:
256 2956 352 3005 vinctos
369 2957 395 3004 in
406 2957 500 3006 mendi·
565 2956 642 3016 Dixit,
662 2962 687 3004 et
702 2957 769 3003 stetit
786 2955 885 3018 spiritus
901 2970 957 3019 pro·

71 3021 149 3070 citate
159 3026 184 3069 et
191 3019 261 3069 ferro.
533 3021 620 3070 cellae:
640 3027 664 3069 et
681 3019 781 3068 exaltati
797 3027 854 3068 sunt
870 3018 958 3068 fluctus

105 3084 173 3148 Quia
188 3084 393 3136 exacerbaverunt
403 3085 502 3150 eloquia
534 3085 592 3148 ejus.

138 3160 183 3211 321
512 3161 531 3199 x
