2092 3450
275 172 348 230 dtur
364 177 394 228 au
411 170 574 229 Dialtanuun
591 169 736 228 latitarunt.

78 321 186 373 muudi:
201 330 229 372 ut
245 321 317 372 elutis
333 329 358 372 et
374 321 468 383 deletis,
485 321 506 370 si
537 322 642 382 tudines,
656 328 681 370 et
698 337 840 371 consumere
857 337 913 371 eum
927 339 963 372 ns

79 387 290 452 quasinmiserla
305 387 436 436 mundanae
451 403 506 451 pra·
537 385 644 450 peccatis
688 385 860 435 adolescentiae
900 386 959 450 ejus.

79 452 173 511 vitatis,
192 467 223 500 ex
239 451 331 500 carnali
348 452 503 511 commercio,
538 451 618 514 Super
647 466 704 499 eum
737 450 895 499 confirmatus
927 459 963 499 est
999 464 1008 475 ²

80 524 125 564 ant
140 515 240 564 fallente
259 515 367 576 diabolo,
386 516 507 564 contraxit
537 514 604 563 furor
614 521 678 573 tuus,
692 522 717 564 et
730 515 824 579 repleta
839 522 876 563 est
891 514 964 564 malis

80 579 199 640 maculas,
224 580 270 629 tibi
291 596 353 644 pura
374 588 399 629 et
422 581 506 629 incon·
537 580 620 627 anima
636 579 695 642 ejus.
732 579 791 638 Sed,
806 579 875 627 Deus
891 580 963 628 mise·

80 644 202 693 taminata
231 652 396 708 praesentetur.
452 645 507 693 Nos
537 644 620 703 ricors,
650 644 693 707 qui
723 651 834 692 sanctum
861 644 963 692 verbum

80 717 172 768 autern,
187 709 229 773 qui
239 724 404 772 supersumus,
418 708 507 757 doceas
537 714 607 756 tuum
634 709 667 756 ad
693 715 803 756 nostram
825 708 963 756 doctrinam

80 789 126 836 per
136 773 190 822 haec
201 781 226 822 et
238 773 287 821 alia
303 773 459 822 mortalitatis
470 773 506 821 in·
537 771 662 836 scripsisti,
675 779 703 820 nt
719 788 764 836 per
779 773 923 836 patientiam
938 779 963 821 et

80 837 147 886 dicia
168 837 304 900 intelligere
321 853 396 902 quam
414 838 507 886 incerta
538 836 731 885 consolationem
760 852 882 885 sacrarum
910 844 961 884 tua·

79 902 113 950 sit
130 908 155 950 et
171 901 263 965 fragilis
279 909 364 951 nostra
379 902 488 951 conditio
500 920 506 950 z
538 917 592 949 rum
601 901 783 964 Scripturarum
791 917 861 964 spem
871 901 962 949 habea·

79 966 207 1014 dexteram
218 974 292 1014 tuam
308 967 343 1015 sic
359 973 444 1015 notam
457 966 503 1026 fac,
538 980 592 1013 mus
602 983 610 1025 ;
628 965 662 1014 da
681 965 704 1014 ei
723 972 789 1014 recte
808 972 833 1014 et
854 966 962 1029 seipsum

79 1037 106 1078 et
122 1031 231 1079 eruditos
244 1031 317 1080 corde
333 1031 359 1078 in
376 1031 503 1094 sapientia,
537 1045 638 1078 noscere
648 1035 673 1078 et
683 1030 763 1078 minas
777 1030 962 1093 promissiones-

79 1100 108 1142 ut
124 1094 186 1143 dum
201 1095 243 1143 hic
253 1095 366 1155 vivimus,
379 1095 406 1143 in
422 1103 507 1144 sancta
537 1109 586 1157 que
596 1101 650 1143 tuas
662 1094 805 1156 intelligere,
817 1101 842 1142 et
850 1109 896 1142 neo
905 1110 962 1142 con·

78 1158 124 1207 illa
143 1167 168 1207 et
187 1159 280 1208 coelesti
296 1160 417 1223 sapientia
433 1175 506 1208 omne
537 1158 665 1207 fidentiam
684 1174 751 1207 suam
769 1173 825 1222 quae
842 1158 868 1207 in
885 1165 910 1207 te
926 1169 961 1207 est

78 1223 190 1272 studium
209 1224 365 1283 collocemus,
385 1239 441 1287 quae
460 1239 506 1272 nos
537 1223 657 1281 amittere,
679 1238 724 1271 nec
744 1223 848 1272 eandem
867 1223 893 1270 in
913 1223 962 1270 alio

78 1287 112 1336 ad
123 1288 201 1336 vitam
214 1289 388 1351 sempiternam
400 1288 505 1352 denique
537 1287 584 1335 nisi
596 1287 622 1335 in
633 1294 657 1336 te
668 1287 796 1336 collocare.
832 1288 873 1335 Da
884 1288 907 1335 ei
915 1290 962 1335 vir·

79 1352 205 1415 perducat.
260 1353 308 1401 Per
333 1353 421 1401 merita
445 1353 505 1417 Jesu
537 1358 615 1400 tutem
642 1359 728 1400 contra
751 1367 837 1400 omnes
864 1352 962 1400 tentati-

79 1416 181 1477 Christi‚
196 1416 253 1464 Filii
265 1417 300 1464 tui
314 1417 387 1476 unici,
402 1417 505 1465 Domini
537 1431 604 1476 ones,
619 1423 643 1464 et
659 1431 719 1464 sana
735 1431 821 1464 omnes
833 1416 963 1478 languores

79 1481 164 1529 nostri.
195 1483 284 1530 Amera
537 1479 595 1543 ejus.
625 1480 961 1544 Calamumquassatumnoli

537 1552 669 1602 conterere,
687 1552 729 1592 aut
746 1544 824 1592 linum
840 1544 962 1607 fumigans

537 1609 684 1672 extinguere,
720 1609 762 1657 Ne
774 1608 873 1657 contine
887 1609 913 1656 in
926 1609 962 1656 ira

537 1681 580 1721 tua
606 1673 784 1722 misericordias
811 1679 885 1733 tuas;
918 1673 961 1721 sed

79 1575 168 1624 Oratio
186 1591 232 1638 pro
250 1577 285 1624 eis
305 1592 410 1639 quorum
431 1592 500 1625 niens

128 1648 172 1690 aut
184 1641 334 1691 conscientia
346 1648 454 1691 vexatur,

142 1734 357 1784 ENEDICTE
386 1735 501 1796 Domine,
537 1738 631 1786 auditui
643 1737 694 1800 ejus
707 1738 741 1786 da
754 1737 872 1800 gaudium
884 1743 909 1785 et
919 1737 960 1786 lae·

175 1799 248 1848 Pater
272 1799 501 1859 misericordiarum,
536 1801 623 1861 titiam,
637 1810 665 1851 ut
681 1802 802 1850 exsultent
815 1816 871 1850 ossa
881 1801 960 1849 hurni-

77 1871 102 1912 et
125 1864 195 1912 Deus
216 1863 292 1913 totius
314 1864 504 1925 consolationis,
536 1866 601 1920 liata
638 1867 663 1914 A
680 1867 768 1915 timore
784 1865 877 1914 inimici
893 1866 960 1928 eripe

77 1928 145 1976 hunc
178 1927 297 1977 famulum
327 1935 403 1988 tuum,
434 1930 503 1993 aegri·
536 1929 644 1978 animam
655 1929 721 1993 ejus;
740 1937 853 1979 converte
864 1929 960 1978 vultum

77 1992 163 2040 monia
182 1991 342 2052 laborantem,
362 2001 388 2041 nt
407 1993 463 2056 pius
479 2002 503 2042 et
536 2003 605 2042 tuum
621 1994 654 2042 ad
670 2010 735 2054 eum,
750 2002 774 2042 et
785 1994 818 2043 da
829 1994 850 2042 ei
881 2009 956 2042 acem.

76 2056 215 2107 misericors
243 2057 358 2121 respicias
388 2057 503 2121 depreca-
537 2059 584 2107 Per
594 2059 682 2108 merita
691 2059 750 2122 Jesu
762 2058 854 2107 Christi
894 2057 959 2106 edia-

77 2139 141 2174 mur.
161 2120 254 2170 Scribis
260 2127 346 2170 contra
352 2137 408 2170 eum
415 2122 502 2171 amari-
536 2121 595 2172 toris
606 2128 631 2171 et
642 2123 746 2171 Domini
758 2123 841 2172 nostri.
868 2125 956 2171 Amen.
