2092 3450
319 156 706 226 nitutrtrtaumatazumru.
735 228 738 235 Ι

109 294 234 349 valorem
257 295 433 365 pretiumque
456 296 537 366 panis
560 296 632 350 sacri
651 296 749 350 offerre
770 296 844 363 (curn
865 294 943 348 omni

109 365 230 432 pecunia
248 367 413 436 coeterisque
432 385 495 436 quae
514 383 577 420 cum
595 384 628 420 eo
647 367 737 420 offerri
757 365 895 432 solebant)
914 365 942 417 in

109 452 192 486 usum
217 436 364 489 Pastorum
389 437 632 507 Parochorumque
656 453 777 501 suorum,
802 437 886 505 idque
914 435 942 487 in

109 505 212 557 eodem
233 505 330 559 ordine
351 516 380 560 et
401 524 483 560 cursu
504 525 560 577 quo
581 507 688 561 dictum
708 523 811 575 panem
832 522 942 559 sacrum

109 575 256 642 providere
267 584 296 628 et
308 576 415 630 solvere
427 578 562 631 solebant.

77 644 159 710 Item,
183 645 223 697 Ut
243 646 365 714 receptio
388 648 563 701 Sacramenti
581 647 656 701 beati
676 646 807 715 Corporis
826 656 852 698 et
872 645 941 698 San·

110 714 203 781 guinis
226 716 328 779 Christi
350 733 414 768 curn
435 717 494 786 ejus
519 717 692 771 Sacramenti
716 715 890 769 institutione
914 724 942 767 et

110 801 176 836 cum
197 786 398 838 consuetudine
420 788 556 840 Ecclesiae
579 788 730 840 Primitivae
751 787 856 855 optime
876 802 941 838 con-

110 863 210 921 gruat3
236 855 264 906 in
286 855 421 909 Ecclesiis
441 859 569 914 omnibus
592 857 806 915 Cathedralibus
828 865 856 909 et
879 855 941 908 Col-

110 924 221 991 legiatis
240 925 286 977 alii
305 925 390 978 etiam
411 928 617 980 communicent
637 944 702 980 cum
724 927 875 979 Sacerdote
894 925 941 993 qui

110 993 258 1047 ministrat.
296 996 333 1048 Et
350 1005 380 1048 ut
398 996 473 1049 idem
491 998 653 1050 observetur
670 996 776 1064 passim
794 1005 822 1049 et
839 996 942 1064 ubique

110 1080 162 1131 per
176 1066 311 1131 Regnum,
324 1083 395 1118 unus
407 1066 507 1135 aliquis
520 1067 556 1119 ad
569 1067 715 1119 minimum
734 1084 767 1118 ex
785 1083 819 1118 ea
836 1067 942 1118 familia

111 1134 141 1186 in
152 1133 266 1200 singulis
278 1136 420 1188 Parochiis
428 1137 481 1202 cui,
489 1137 517 1189 in
528 1137 702 1190 ordinevicis
712 1153 778 1202 suae,
788 1137 942 1189 secundum

111 1204 317 1256 ordinationem
339 1207 564 1275 suprascriptam,
585 1224 635 1275 pro
660 1206 870 1258 Communionis
892 1206 942 1257 im·

111 1273 207 1342 pensis
220 1274 317 1327 offerre
329 1276 456 1343 pertinet,
465 1277 509 1329 vel
522 1277 621 1345 aliquis
631 1277 701 1328 alius
715 1293 797 1345 quem
808 1285 837 1328 ut
846 1292 940 1328 eorum

111 1345 175 1395 loco
194 1344 290 1397 offerat
308 1346 486 1414 providerint,
501 1348 616 1400 Sacram
629 1346 862 1399 Communionem
879 1363 942 1398 cum

113 1413 266 1466 Sacerdote
278 1415 397 1483 accipiat
409 1434 415 1468 ε
433 1416 461 1468 id
475 1418 548 1485 quod
561 1417 771 1469 convenientius
783 1416 842 1468 fieri
852 1425 943 1484 potest

112 1500 199 1552 quum
213 1484 247 1537 de
260 1493 385 1552 tempore
397 1486 465 1538 vicis
479 1504 537 1538 suae
549 1487 624 1554 prius
638 1486 768 1540 certiores
786 1486 852 1538 facti
871 1495 943 1550 sunt,

112 1552 232 1622 ideoque
245 1570 275 1607 se
287 1555 324 1606 ad
342 1556 553 1609 Sacramentum
572 1557 656 1623 digne
675 1556 870 1623 accipiendum
889 1556 944 1607 dis·

112 1640 217 1691 ponere
229 1633 354 1691 possunt.
391 1627 429 1678 Et
441 1643 497 1678 una
510 1643 573 1679 curn
586 1627 632 1678 illo
644 1625 689 1679 vel
701 1626 755 1678 illis
774 1626 821 1693 qui
840 1626 878 1678 ita
894 1642 944 1693 pro

113 1693 248 1760 impensis
274 1695 485 1749 Communionis
510 1696 636 1761 offerunt,
661 1695 757 1748 coeteri
782 1696 867 1747 etiarn
897 1695 945 1762 qui

113 1772 181 1815 tunc
201 1763 237 1815 ad
259 1764 288 1815 id
308 1773 372 1816 sunt
391 1766 436 1833 pie
455 1766 602 1834 praeparati
623 1765 855 1818 Communionem
873 1765 945 1817 acci-

114 1833 200 1900 piant.
246 1834 290 1885 lta
312 1834 450 1902 Minister,
469 1837 618 1888 nonnullos
639 1852 749 1903 semper
769 1835 877 1887 habens
898 1834 945 1902 qui

114 1919 211 1955 secum
230 1905 445 1972 communicent,
467 1915 545 1958 tanta
564 1916 592 1958 et
611 1913 670 1958 tam
690 1914 788 1957 sancta
811 1905 946 1972 Mysteria

113 1973 204 2040 possit
227 1974 368 2027 celebrare
392 1991 456 2028 curn
481 1975 626 2043 Suffragiis
650 1975 779 2027 omnibus
801 1983 828 2026 et
850 1975 947 2026 ordine

115 2042 211 2094 debito
223 2043 287 2095 huic
301 2044 391 2096 officio
409 2045 565 2113 assignatis.
605 2046 643 2098 Et
662 2045 800 2098 Sacerdos
821 2044 849 2096 in
870 2043 947 2095 feriis

114 2129 133 2163 a
145 2112 331 2165 celebratione
349 2110 560 2168 Communionis
578 2113 718 2168 abstineat
736 2115 792 2167 nisi
810 2114 947 2183 quosdam

114 2181 220 2234 habeat
232 2183 279 2250 qui
292 2199 356 2235 curn
368 2200 401 2236 eo
415 2185 629 2238 communicent.

81 2252 229 2317 Praeterea,
254 2252 304 2303 Vir
327 2254 418 2306 omnis
442 2264 470 2307 et
493 2255 609 2307 foemina
635 2255 770 2307 Divinum
799 2252 947 2306 Servitium

115 2321 212 2374 audire
225 2331 341 2389 tenetur,
355 2333 381 2375 et
400 2324 508 2391 adesse,
524 2324 553 2376 in
574 2324 703 2377 Ecclesia
724 2323 880 2376 Parochiali
900 2322 947 2373 ubi

115 2391 253 2458 habitant,
264 2392 359 2461 ibique
369 2394 486 2446 orationi
497 2394 607 2447 devotae
616 2395 660 2447 vel
671 2394 764 2447 tacitae
774 2391 948 2444 meditationi

116 2461 162 2528 pie
181 2461 342 2525 intendere;
367 2463 406 2514 ibi
426 2464 531 2517 Debita
549 2481 599 2516 sua
617 2465 783 2532 persolvere,
802 2461 888 2514 semel
912 2461 949 2513 ad

115 2531 264 2583 minimum
277 2532 305 2583 in
318 2549 392 2584 anno
405 2534 619 2601 communicare,
632 2543 659 2587 et
672 2534 710 2585 ibi
727 2543 832 2585 coetera
852 2533 949 2584 Sacra-

116 2610 213 2653 menta
226 2601 362 2669 Ritusque
374 2603 421 2671 qui
434 2604 462 2655 in
479 2603 532 2656 hoc
552 2604 636 2656 Libro
655 2604 819 2655 ordinantur
838 2601 949 2669 partici-

116 2687 191 2738 pare.
230 2671 405 2741 Quicumque
416 2690 481 2725 vero
494 2674 657 2737 voluntarie,
669 2673 775 2724 nullam
789 2672 894 2738 justam
913 2671 949 2722 ob

117 2757 241 2806 causam,
259 2743 417 2794 Ecclesiam
437 2743 628 2795 Parochialem
649 2741 834 2810 dereliquerit,
854 2741 899 2792 vel
921 2741 949 2791 in
1010 2773 1011 2777 =

116 2826 151 2862 ea
168 2811 252 2878 impie
270 2828 300 2864 se
320 2811 447 2879 gesserit,
459 2829 489 2866 re
509 2821 664 2881 perspecta,
683 2811 836 2863 secundum
859 2809 948 2877 Regni

119 2880 207 2946 Leges
222 2882 435 2935 Ecclesiasticas
449 2881 710 2946 excommunicetur,
723 2882 767 2933 vel
780 2881 864 2932 aliam
879 2880 949 2947 pati·

117 2959 180 3001 atur
197 2968 319 3019 poenam,
332 2962 414 3019 prout
431 2953 523 3021 Judici
536 2951 735 3005 Ecclesiastico
752 2951 843 3004 visum
860 2950 951 3016 suerit,

117 3019 154 3071 ad
167 3020 226 3089 ejus
238 3022 389 3075 arbitrium.

84 3090 166 3156 Item,
195 3091 363 3162 Quanquam
392 3092 500 3161 legatur
532 3090 607 3160 apud
639 3090 770 3162 antiquos
804 3089 950 3158 scriptores

142 3185 191 3252 383
