2092 3450
304 148 375 203 orbo
391 137 519 213 hermari
535 130 701 200 arcturum

77 299 171 346 Postea
183 295 249 343 hanc
262 294 467 343 Exhortationem
518 282 586 333 Nam
596 282 667 345 (sicut
676 283 742 332 idem
750 282 885 346 Apostolus
893 282 943 332 alio

222 360 315 409 recitet.
517 348 573 398 loco
589 348 700 408 testatur)
713 355 737 396 et
753 363 798 396 nos
815 362 880 395 nuuc
896 347 943 396 sal-

517 429 562 462 vos
573 413 631 461 facit
642 412 778 476 Baptisma,
794 412 853 471 (non
865 412 944 460 carnis

123 474 282 536 UDISTIS,
290 475 450 535 dilectissimi,
461 475 488 524 in
518 477 640 541 depositio
659 477 776 534 sordium,
790 476 834 525 sed
851 476 943 524 cousci-

142 540 193 589 hoc
207 539 345 604 Evangelio
361 539 488 590 Christum
519 543 591 591 entiae
620 542 695 591 bonae
726 541 886 603 interrogatio
918 541 944 588 in

58 603 485 664 Salvatoremdiserteaffinnantem,
519 604 944 671 Deum)perresurrectionemJesu

58 669 254 745 quodnisiquis
265 675 363 718 renatus
373 669 446 718 suerit
457 684 488 718 ex
519 671 619 721 Christi.
656 671 697 720 Ne
718 669 836 718 dubitetis
860 669 942 733 igitur,

58 749 126 798 aqua
136 740 162 782 et
173 733 276 797 Spiritu,
289 749 341 782 non
356 734 435 798 possit
451 733 487 782 in·
518 751 603 784 verum
631 734 733 783 firmiter
760 735 858 791 credite,
888 749 944 782 eum

59 798 137 847 troire
146 798 175 846 in
186 813 290 861 regnum
302 798 357 847 Dei.
394 799 428 847 Et
443 813 489 862 per
519 800 579 849 istos
600 800 644 863 qui
665 799 762 858 adsunt,
787 815 844 849 vere
866 799 944 862 poeni-

59 863 109 911 hoc
128 861 267 926 intelligere
282 862 393 927 potestis,
412 877 487 926 quam
519 871 606 922 tentes,
621 871 645 914 et
661 863 694 912 ad
711 879 737 912 se
753 879 798 927 per
814 863 888 912 fidem
904 878 944 910 ac-

60 927 226 976 necessarium
242 927 282 987 sit,
295 928 372 976 modo
383 927 489 977 obtineri
520 929 641 988 cedentes,
661 928 768 992 benigne
787 935 945 991 accepturum

60 991 149 1056 possit,
161 991 417 1041 hocSacramentum.
451 992 489 1041 Si·
521 1009 581 1052 esse,
600 992 769 1042 remissionem
787 1000 946 1056 peccatorum

60 1055 116 1104 mili
131 1055 217 1115 modo,
231 1071 288 1104 cunr
301 1055 354 1120 jam
370 1056 397 1105 in
413 1056 490 1105 coelos
521 1059 556 1106 eis
578 1072 757 1117 concessurum,
782 1064 806 1105 et
826 1057 946 1120 Spiritum

62 1135 207 1169 ascerrsmus
229 1126 288 1180 erat,
313 1121 386 1180 (sicut
407 1121 434 1169 in
452 1121 489 1168 ul·
522 1122 641 1172 Sanctum
672 1122 836 1185 largiturum
869 1121 946 1169 immo

62 1185 127 1234 timo
149 1185 280 1248 Evangelii
302 1184 388 1234 Sancti
410 1185 490 1234 Marci
520 1187 668 1236 beneficium
700 1187 758 1234 vitae
785 1192 890 1244 aeternae,
921 1192 945 1233 et

62 1250 147 1313 capite
161 1249 286 1313 legimus)
298 1248 425 1313 discipulis
441 1250 491 1299 suis
520 1252 590 1314 regni
611 1251 646 1299 sui
673 1251 815 1314 sempiterni
837 1265 946 1298 commu·

63 1313 191 1378 praecepit,
220 1314 312 1374 dicens,
337 1314 432 1363 Euntes
464 1315 491 1362 in
521 1316 832 1375 nionem,eiscollaturum
854 1314 946 1376 Quam·
1020 1343 1023 1352 ·

63 1378 186 1427 mundum
196 1378 345 1438 universum,
359 1378 492 1443 praedicate
522 1381 608 1430 obrem
630 1396 675 1429 nos
696 1395 741 1443 per
761 1379 811 1428 hoc
832 1379 947 1427 certiores

64 1443 231 1506 Evangelium
263 1443 331 1492 omni
364 1451 487 1493 creaturae.
522 1445 580 1494 lacti
602 1445 666 1493 illius
685 1443 852 1506 benignitatis,
872 1458 947 1506 quam

64 1507 117 1570 Qui
145 1507 282 1567 crediderit,
307 1513 332 1556 et
355 1508 493 1572 baptizatus
523 1511 597 1558 Pater
631 1517 714 1558 noster
746 1508 851 1557 coelestis
890 1523 948 1568 erga

63 1571 147 1630 fuerit,
171 1571 253 1620 salvus
280 1572 343 1632 erit;
370 1573 412 1637 qui
433 1589 492 1621 vero
522 1574 582 1623 istos
601 1590 645 1638 per
659 1574 745 1637 Jesum
763 1572 887 1622 Christum
907 1572 947 1619 Fi-

63 1651 116 1685 non
128 1635 266 1696 crediderit,
278 1637 488 1686 condemnabitur.
522 1639 584 1687 lium
605 1654 676 1687 suum
695 1637 835 1695 declaravit,
857 1636 948 1698 gratias

65 1700 143 1763 Quod
171 1700 246 1750 etiam
273 1700 345 1750 nobis
374 1710 492 1764 magnum
523 1703 546 1752 ei
568 1703 609 1767 pie
630 1718 660 1752 ac
681 1701 787 1751 fideliter
805 1700 944 1758 referamus,

64 1764 175 1815 ostendit
197 1780 247 1828 quo
270 1781 316 1828 per
337 1766 493 1831 Baptismum
522 1767 639 1827 dicentes,

64 1829 170 1878 fruimur
196 1829 350 1879 beneficium.
398 1830 491 1892 Quam-

64 1892 492 2022 issmobmcsslitpliffblllatb
592 1931 804 1981 nimiminus
859 1937 949 1979 aetemo

65 2021 493 2086 Evangeliipraedicationmmulti
579 2061 584 2073 .
624 1997 701 2073 Dels’
732 1996 806 2071 ΡΨ
833 1995 946 2070 coelesns’

64 2085 211 2149 compuncti
225 2093 283 2136 suut
294 2087 375 2146 corde,
389 2093 414 2136 et
425 2087 493 2135 dixe·
523 2068 614 2125 mnas
629 2061 675 2110 t¹b¹
691 2061 833 2135 sulphmle‘
843 2075 946 2134 agulls’

64 2157 124 2200 runt
145 2150 179 2199 ad
200 2165 257 2199 eum
280 2158 305 2200 et
326 2151 359 2200 ad
386 2151 493 2215 reliquos
524 2127 591 2191 ΨΜ
613 2125 646 2175 ad
666 2131 752 2189 ΨΜ
774 2132 823 2174 tuae
848 2130 949 2187 ΨΜ·

65 2213 213 2279 Apostolos,
228 2214 296 2278 Quid
309 2215 434 2274 sociemus,
447 2215 494 2265 vrri
523 2206 589 2250 nem,
620 2197 645 2239 et
671 2190 703 2265 ad.
726 2188 801 2237 fidem
829 2204 886 2251 Ψ
915 2195 947 2248 “²2

65 2279 174 2328 fratres?
192 2280 320 2343 respondit
336 2287 361 2329 et
377 2281 409 2329 ad
426 2280 490 2340 illos,
524 2255 837 2331 nos-uocaredrgnatuses.
864 2252 950 2328 'Hanc

66 2343 252 2403 Poenitentiam‚
271 2344 360 2420 inquit,
379 2344 452 2408 agite,
469 2351 494 2394 et
524 2327 683 2395 agnitionem,
698 2333 844 2382 quaesumus,
861 2333 889 2392 ‚¹¹¹
906 2333 951 2365 no-

64 2408 205 2473 baptizetur
213 2423 379 2474 unusquisque
387 2416 495 2458 vestrum
524 2385 564 2433 bts
580 2383 682 2447 adauge,
696 2383 761 2431 hanc
771 2381 846 2431 fidem
859 2397 885 2429 rn
896 2397 950 2456 per·

64 2475 94 2521 iu
126 2472 296 2522 missionem
326 2482 491 2538 peecatorum,
525 2455 628 2514 petuum
655 2446 779 2496 confirma
827 2447 869 2495 Da
899 2453 952 2494 rstrs

66 2543 92 2586 et
119 2537 247 2602 accipietis
271 2538 365 2587 donum
388 2539 495 2602 Spiritus
526 2513 646 2577 spirltum
664 2512 782 2562 Sanctum
804 2517 881 2568 tuum,
902 2525 952 2573 ‘11¹0

68 2602 162 2652 Sancti,
207 2601 288 2652 vobis
312 2603 378 2652 enim
400 2610 437 2652 est
450 2602 495 2651 pe,
525 2583 704 2641 regenerentur,
725 2585 749 2625 et
765 2575 875 2624 haeredes
891 2573 952 2621 fiant

351 2668 445 2725 vestris,
470 2673 496 2716 et
525 2650 623 2691 aeternae
655 2641 746 2690 salutis.
794 2640 842 2687 Per
866 2638 953 2701 Jesum

66 2665 208 2731 promissio,
228 2674 253 2717 et
275 2666 333 2717 filiis

67 2731 185 2780 omnibus
195 2731 238 2795 qui
253 2732 328 2796 longe
344 2739 409 2791 sunt,
423 2747 496 2796 quos·
561 2771 567 2783 ,
707 2769 712 2780 ,
733 2769 737 2779 ,
927 2763 933 2776 ,

67 2810 175 2860 cumque
196 2796 353 2846 advocaverit
372 2796 496 2846 Dominus
526 2787 569 2835 qur
590 2778 672 2820 tecum
689 2775 751 2817 vrvrt
773 2774 797 2815 et
819 2772 904 2828 regnat
926 2780 952 2812 rn

69 2859 141 2909 Deus
154 2866 245 2910 noster.
281 2860 346 2909 Aliis
357 2861 432 2910 etiam
443 2876 496 2908 ver.
526 2836 621 2884 unitate
642 2833 749 2908 Spiritus
772 2831 864 2889 Sancti,
886 2844 953 2879 nunc

69 2923 108 2973 bis
122 2923 236 2988 plurimis
253 2924 397 2974 testificatus
413 2932 458 2984 est,
472 2930 497 2974 et
526 2908 552 2949 et
558 2915 602 2963 per
610 2913 694 2948 omma
701 2891 949 2946 saeculasaeculomm.

68 2987 246 3037 exhortabatur
257 3004 308 3049 eos,
322 2989 422 3050 orceo„
440 2988 495 3040 sor·
527 2966 616 3014 Amm-

69 3052 185 3101 vaminia
190 3053 348 3117 generatione
356 3053 403 3103 ista
409 3069 490 3119 prava

138 3125 184 3180 ι75

527 2706 652 2756 Christum
672 2705 809 2754 Dominum
830 2709 949 2760 nostrum,
