2092 3450
347 156 500 214 bemmatis
518 155 693 213 hautmarum.

76 315 172 363 Postea
189 322 277 377 pergat
297 314 417 363 Sacerdos
434 315 570 363 secundum
588 315 694 363 formam
714 315 740 362 in
760 314 856 363 Ordine
879 313 962 362 Saerae

113 379 305 427 Communionis
322 396 397 444 supra
413 382 591 445 praescriptam,
612 381 734 443 incipiens
751 380 783 427 ab
804 380 842 427 his
864 380 961 427 verbis:

114 437 171 489 Vos
180 454 243 502 quos
253 454 310 488 vere
321 445 345 488 et
356 438 426 490 serio.

75 528 101 574 Τ
104 543 207 589 empore
231 527 449 575 administrationis
470 528 555 576 Sancti
577 527 741 594 §aeramenti
767 527 887 575 Sacerdos
909 527 963 589 ipse

112 593 208 655 primus
221 594 395 652 communicet,
410 594 501 641 deinde
513 594 548 641 eis
559 593 715 640 administret
727 592 769 656 qui
782 593 814 640 ad
826 592 963 639 communi-

111 658 221 705 candum
234 674 289 705 cum
302 657 400 706 infirmo
412 659 535 721 designati
547 659 603 717 sint,
619 667 642 706 et
656 666 782 722 postremo
794 657 841 720 ipsi
853 656 959 705 infirmo.

77 759 132 808 Sed
146 759 165 807 si
178 759 241 822 quis
256 768 358 823 propter
369 761 409 808 vei
420 761 568 823 gravitatem
580 762 669 819 morbi,
684 761 724 808 vel
741 760 859 808 indicium
872 775 963 822 oppor-

110 836 201 872 tunum
220 826 333 872 Parocho
351 842 401 873 non
414 827 507 883 datum,
523 827 563 873 vel
575 825 699 874 defectum
711 842 797 873 eorum
809 826 851 888 qui
864 841 920 872 cum
933 840 963 873 eo

113 890 298 938 communicare
315 892 418 953 possint,
433 891 473 938 vel
485 891 553 938 aliud
571 892 676 953 quodvis
691 891 785 953 justum
800 891 963 952 impedimen·

83 996 88 1005 .
112 966 176 1012 tum,
189 954 378 1003 Sacramentum
390 957 507 1019 Corporis
518 964 541 1004 ct
553 957 685 1017 Sanguinis
698 956 789 1004 Christi
802 971 853 1002 non
865 964 945 1003 sumat
956 973 964 1015 ;

111 1021 203 1068 doceat
211 1036 268 1068 eum
279 1020 411 1080 Parochus,
424 1022 491 1084 quod
501 1021 521 1068 si
531 1030 689 1083 peccatorum
699 1037 755 1068 euin
766 1036 822 1068 vere
832 1021 960 1083 pceniteat,

112 1085 132 1132 si
150 1085 236 1146 Jesum
255 1085 382 1133 Christum
400 1103 445 1148 pro
463 1102 489 1134 se
501 1087 527 1132 in
541 1086 621 1134 Cruce
632 1094 737 1133 mortem
751 1101 803 1133 esse
815 1101 923 1148 passum,
939 1094 963 1133 et

111 1166 159 1212 pro
177 1166 221 1197 sua
239 1151 410 1213 redemptione
430 1152 582 1212 Sanguinem
595 1152 647 1212 ejus
659 1151 804 1213 profudisse,
820 1159 964 1198 constanter

111 1215 205 1273 credat,
221 1215 241 1262 si
254 1216 374 1263 beneficia
385 1232 430 1278 per
441 1217 489 1263 hoc
502 1217 548 1263 sibi
561 1216 651 1263 collata
660 1217 769 1263 studiose
779 1215 878 1274 recolat,
891 1216 964 1278 eique

111 1280 205 1342 gratias
218 1296 247 1327 ex
259 1281 343 1328 animo
361 1281 457 1339 reserat,
473 1281 571 1344 Corpus
584 1290 607 1328 et
626 1281 779 1342 Sanguinem
796 1281 890 1328 Christi
909 1281 963 1327 Sal-

113 1345 207 1392 vatoris
224 1346 301 1392 nostri
319 1346 414 1392 utiliter
429 1347 455 1392 in
473 1347 563 1392 animae
581 1346 686 1393 salutern
704 1346 837 1393 manducat
851 1354 875 1393 et
887 1346 960 1404 bibit,

111 1410 227 1473 quamvis
240 1410 429 1458 Sacramentum
441 1427 483 1459 ore
495 1428 546 1458 non
557 1411 671 1474 accipiat.

75 1514 191 1576 Quando
208 1529 259 1560 uno
276 1514 395 1576 temporis
413 1514 494 1577 spatio
512 1522 535 1562 et
553 1514 667 1561 visitatur
684 1512 802 1570 infirmus,
818 1521 842 1561 et
861 1513 963 1562 Sacram

111 1579 324 1627 Communionem
337 1579 449 1641 percipit,
465 1587 518 1626 tum
532 1580 653 1627 Sacerdos
674 1587 700 1627 ut
712 1595 750 1627 res
762 1578 865 1627 celerius
876 1594 962 1642 proce·

110 1644 164 1701 dat,
173 1643 290 1690 Officium
298 1644 455 1692 Visitationis
463 1646 495 1691 ad
505 1645 639 1703 Psaimum,
650 1617 680 1690 in
687 1647 720 1701 te,
731 1641 847 1701 Domine,
860 1642 963 1705 speravi,

111 1708 222 1767 dirimat,
237 1718 261 1756 et
274 1709 358 1756 statim
370 1710 401 1756 ad
415 1709 625 1757 Communionem
637 1719 731 1772 pergat.

73 1812 207 1874 Tempore
224 1810 309 1872 pestis,
324 1811 404 1858 morbi
422 1810 559 1869 sudoriseri,
575 1811 614 1858 vel
626 1811 713 1858 similis
727 1808 891 1872 contagionis,
906 1825 963 1858 cum

111 1884 217 1938 propter
233 1875 344 1936 ejusdcm
362 1877 476 1923 timorem
494 1876 555 1923 nulli
573 1877 717 1938 parochiani
734 1876 774 1923 vel
787 1876 861 1923 vicini
873 1876 963 1923 adduci

112 1941 224 2003 poterint
242 1949 269 1987 ut
288 1956 344 1987 cum
361 1941 465 1988 infirmis
482 1941 508 1987 in
526 1957 611 1988 eorum
632 1941 748 1988 domibus
768 1941 960 1998 communicent,

110 2006 187 2053 liceat
199 2005 317 2052 Ministro
328 2005 390 2065 solo,
405 2006 425 2053 si
442 2005 469 2054 id
486 2006 597 2054 insumus
614 2007 705 2054 diserte
721 2006 891 2068 postulaverit,
906 2022 963 2054 cum

111 2086 143 2118 eo
157 2085 345 2119 communicare.
