2092 3450
56 187 202 236 DieleV.
436 189 545 255 tissimi.
816 198 860 244 Ad
868 197 931 244 Mat.

59 351 176 402 raturam,
195 341 304 392 introibo
320 341 346 391 in
363 343 486 406 potentias
552 343 693 408 Suscipiunt
727 351 823 392 montes
856 359 943 406 pacem

60 406 165 455 Domini
182 424 188 455 ε
205 407 321 468 Domine,
330 408 487 457 memorabor
518 409 613 472 populo
628 416 670 457 :et
681 407 756 458 colles
764 408 892 471 justitiarii.
945 430 950 440 ·

57 469 313 536 justitiaetuaesolius.
548 473 675 537 Judicabit
701 487 822 538 pauperes
846 472 941 536 populi,

93 535 170 599 Deus,
180 534 333 585 docuistime
341 535 488 599 ajuventute
520 544 544 585 et
566 537 646 586 salvos
668 537 741 585 saciet
766 536 830 585 filios
852 552 943 600 paupe·

59 614 117 648 mea
136 606 278 664 zetusque
297 616 363 649 nunc
379 615 487 665 pronun·
519 617 574 650 rum
589 619 595 650 :
612 609 636 650 et
653 600 793 650 humiliabit
810 600 943 650 calumnia·

60 663 130 712 tiabo
142 663 265 712 mirabilia
275 672 324 713 tua.
520 673 605 715 torem.

93 728 127 776 Et
201 743 232 777 ue
258 728 285 777 in
311 735 435 778 senectam
463 737 487 777 et
551 730 584 778 Et
604 730 759 794 permanebit
777 745 834 778 cum
850 729 902 778 sole
919 737 943 777 et

59 792 156 840 senium
174 809 181 840 r
224 807 274 853 eus,
288 808 321 842 ne
332 793 487 858 derelinquas
518 803 575 843 ante
587 794 670 843 lunam
686 813 691 843 :
708 796 734 843 in
748 795 908 857 generatione
919 802 943 842 et

59 871 115 905 me:
516 860 707 922 generationem.

93 920 183 970 Donec
198 921 343 970 annuntiem
358 921 485 970 brachium
551 924 691 973 Descendet
712 926 775 972 sicut
796 922 893 986 pluvias
915 924 941 969 in

59 991 130 1034 tuum
150 1003 157 1034 s
175 987 328 1048 generationi
347 987 415 1035 omni
431 1001 486 1051 quae
517 987 595 1036 vellus
611 995 655 1036 :et
671 987 734 1037 sicut
749 987 875 1036 stillicidia
890 987 942 1035 stil-

59 1057 164 1098 ventura
176 1058 227 1098 est:
396 1068 399 1074 ·
517 1051 594 1100 lautia
605 1068 678 1116 super
689 1059 786 1100 terram.

93 1110 233 1163 Potentiam
244 1121 313 1164 tuam
333 1122 357 1163 et
365 1114 486 1177 justitiam
551 1116 650 1166 Orietur
662 1117 689 1165 in
703 1117 790 1164 diebus
807 1115 859 1178 ejus
872 1114 942 1178 justi-

59 1185 137 1237 tuam,
149 1178 225 1238 Deus,
234 1194 312 1242 usque
322 1179 348 1227 in
357 1179 482 1238 altissima,
517 1181 559 1239 tia,
572 1188 596 1229 et
606 1181 758 1229 abundantia
766 1181 833 1244 pacis
846 1197 852 1228 ε
864 1181 943 1228 donec

60 1257 116 1306 quae
137 1242 215 1292 fecisti
234 1243 358 1306 magnalia
380 1261 386 1292 ε
407 1243 483 1304 Deus,
518 1246 641 1294 auferatur
651 1245 717 1294 luna.

59 1306 115 1371 quis
126 1307 213 1356 similis
223 1307 289 1356 tibi?
551 1311 584 1362 Et
595 1309 788 1362 dominabitura
796 1309 857 1357 mari
866 1323 943 1371 usque

93 1371 206 1434 Quantas
220 1372 350 1421 ostendisti
366 1371 427 1420 mihi
444 1372 485 1420 tri-
517 1374 549 1422 ad
568 1390 657 1423 mare:
674 1381 699 1422 et
716 1389 731 1422 a
746 1373 848 1421 flumine
866 1388 943 1436 usque

58 1435 199 1485 balationes
210 1436 300 1485 multas
311 1444 336 1485 et
346 1436 425 1485 malas
436 1453 442 1496 ;
460 1444 485 1486 et
516 1439 548 1487 ad
560 1439 678 1487 terminos
689 1438 755 1488 orbis
766 1445 891 1485 terrarum

59 1514 191 1549 conversus
201 1500 330 1550 vivificasti
341 1517 382 1550 me
397 1519 402 1548 :
415 1509 439 1549 et
451 1501 484 1549 de
550 1503 640 1552 Coram
652 1503 696 1552 illo
707 1502 835 1566 procident
844 1501 942 1548 AEthio·

59 1564 154 1627 abyssis
172 1571 242 1613 terrae
261 1565 349 1613 iterum
368 1564 484 1614 reduxisti
516 1583 559 1631 pes
585 1585 592 1617 ε
615 1574 639 1617 et
661 1567 754 1615 inimici
776 1565 829 1628 ejus
851 1573 940 1618 terram

59 1643 107 1677 me.
516 1633 551 1680 lin
569 1640 617 1681 ent.

92 1692 264 1757 Multiplicasti
276 1693 484 1756 magnificentiam
549 1649 630 1760 l‘teges
642 1695 743 1744 Tharsis
754 1701 779 1743 et
791 1693 876 1742 insulae
888 1709 940 1741 mu·

59 1767 128 1817 tuam
143 1775 149 1805 ε
165 1763 190 1806 et
204 1773 334 1807 conversus
346 1758 484 1807 consolatus
515 1777 574 1810 nera
593 1762 695 1810 offerent
715 1777 721 1808 ε
741 1774 810 1821 reges
829 1758 941 1806 Arabum

59 1837 85 1871 es
96 1837 144 1870 me
516 1833 540 1874 et
552 1826 620 1874 Saba
630 1826 697 1873 dona
708 1824 837 1871 adducent.

92 1886 161 1934 Nam
178 1891 203 1935 et
220 1902 267 1949 ego
285 1885 421 1936 confitebor
438 1887 484 1935 tibi
548 1890 581 1938 Et
608 1889 745 1938 adorabunt
773 1902 829 1935 eum
857 1902 942 1934 omnes

59 1950 85 1998 in
112 1951 177 1998 vasis
205 1951 294 2015 psabni
321 1969 328 1999 r
355 1952 484 2000 veritatem
516 1970 585 2017 reges
596 1961 667 2002 terrae
682 1967 786 2002 :omnes
796 1958 882 2014 gentes
893 1966 941 1999 ser-

59 2023 136 2074 tuam,
151 2015 238 2075 Deus3
263 2014 368 2079 psallam
390 2016 436 2063 tibi
458 2016 484 2063 in
515 2019 582 2067 vient
593 2019 623 2067 ei.

59 2079 161 2138 cithara,
174 2086 272 2129 sanctus
284 2080 368 2129 Israe'l.
407 2112 418 2129 .
548 2083 615 2145 Quia
636 2080 750 2130 liberabit
772 2094 905 2143 pauperem
927 2094 943 2126 a

93 2143 257 2193 Exsultabunt
273 2143 340 2192 labia
356 2159 412 2192 mea
428 2159 484 2195 cum
515 2154 617 2211 potente
632 2164 637 2196 :
650 2155 675 2195 et
690 2160 824 2210 pauperem
836 2143 876 2192 cui
889 2159 940 2191 non

59 2215 191 2257 cantavero
207 2209 253 2256 tibi
262 2225 270 2268 ;
289 2216 314 2257 et
330 2209 413 2257 anima
429 2224 485 2258 mea
516 2220 568 2260 erat
579 2211 683 2274 adjutor.

59 2288 136 2337 quam
146 2271 278 2321 redemisti.
549 2277 636 2324 Parcet
652 2274 756 2339 pauperi
773 2279 797 2322 et
814 2272 883 2336 inopi
898 2279 940 2320 :et

92 2336 143 2386 Sed
163 2344 188 2386 et
204 2337 288 2400 lingua
303 2353 360 2386 mea
376 2343 429 2386 tota
444 2338 485 2386 die
515 2341 610 2388 animas
621 2354 758 2403 pauperum
768 2337 847 2386 salvas
859 2337 938 2385 faciet.

58 2400 219 2450 meditabitur
242 2401 363 2465 justitiam
384 2408 451 2450 tuam
478 2419 484 2450 ε
549 2405 588 2452 Ex
609 2405 688 2453 usuris
711 2410 736 2452 et
757 2402 887 2467 iniquitate
904 2417 940 2448 re·

59 2480 116 2513 cum
132 2465 226 2522 confusi
242 2472 267 2514 et
282 2465 379 2515 reveriti
396 2466 484 2515 fuerint
515 2469 593 2518 dimet
604 2470 698 2517 animas
710 2482 794 2516 eorum
809 2473 852 2514 :et
862 2466 940 2512 hono-

59 2529 103 2593 qui
114 2537 227 2594 quaerunt
237 2530 304 2578 mala
315 2530 383 2579 mint
515 2534 592 2582 rabile
602 2549 693 2582 nomen
703 2547 787 2581 eorum
797 2545 878 2584 coram
887 2528 937 2576 illo.

548 2599 582 2647 Et
604 2599 670 2646 vivet
698 2603 722 2645 et
744 2595 850 2706 dapitup)
864 2592 887 2640 ei
909 2593 941 2703 ge

516 2678 576 2711 auro
588 2662 688 2711 Arabiae
703 2679 709 2709 ε
722 2666 771 2708 eta
790 2673 833 2705 ora
850 2663 895 2704 unt
928 2672 941 2704 e

147 2691 275 2741 PSALMth
287 2691 395 2742 LXXH’
516 2728 570 2791 ipso
586 2742 698 2790 semper;
716 2731 768 2772 tota
784 2722 825 2769 die
840 2720 940 2768 benedi-

129 2792 207 2853 EUS,
216 2792 337 2857 judicium
344 2799 413 2842 tuum
421 2794 486 2857 Regi
516 2799 572 2840 cent
584 2792 613 2840 ei.

161 2857 195 2905 da
214 2875 221 2906 ε
238 2865 262 2906 et
278 2857 399 2921 justitiam
417 2865 484 2907 tuam
549 2857 582 2904 Et
594 2856 639 2904 erit
650 2853 832 2901 firmamentum
840 2849 866 2897 in
878 2856 941 2897 terra

61 2920 128 2970 Filio
139 2921 234 2985 Regis:
516 2921 541 2969 in
556 2918 657 2968 summis
673 2917 794 2964 montium
805 2929 811 2973 ;
827 2928 940 2976 superex-

91 2985 207 3049 Judicare
225 2986 346 3051 populum
368 2993 437 3036 tuum
459 2987 485 3035 in
516 2985 615 3033 tolletur
626 2996 699 3045 super
710 2979 834 3028 Libanum
850 2977 940 3026 fructus

57 3049 154 3114 justitia
174 3069 180 3100 ε
200 3058 225 3101 et
246 3067 365 3116 pauperes
385 3059 440 3102 tuos
459 3052 485 3101 in
517 3049 569 3112 ejus
589 3065 595 3096 ε
612 3054 636 3095 et
652 3045 775 3094 florebunt
794 3043 826 3092 de
842 3042 941 3092 civitate

59 3114 170 3224 judicit&¹
516 3114 577 3162 sicut
589 3112 683 3160 foenum
694 3117 776 3159 terrae.
