2092 3450
339 173 374 230 iia
390 173 439 229 nte
457 173 489 229 S.
508 170 617 228 inauris
633 167 772 236 lssaptistac.

113 307 192 372 gloria
201 307 311 368 Domini,
323 315 348 357 et
358 306 539 356 videbitomnis
569 306 603 356 ad
621 306 706 356 illam:
735 307 801 370 Quia
824 323 899 358 nemo
918 309 998 358 estin

114 389 171 422 caro
188 374 287 437 pariter,
305 372 373 436 quod
386 387 415 421 os
435 371 538 420 Domini
570 371 718 434 cognatione
728 378 777 431 tua,
790 373 831 437 qui
840 381 942 422 vocetur
949 372 998 422 hoc

114 437 224 486 locutum
245 443 288 486 est.
336 436 393 485 Vox
419 436 538 484 dicentis:
569 436 677 485 nomine.
738 437 879 486 Innuebant
914 444 997 486 autem

114 502 216 551 Clamat
243 509 268 550 et
294 500 361 549 dixi:
394 499 463 562 Quid
489 501 538 548 cla·
569 499 633 564 patri
652 499 712 563 ejus,
732 515 806 564 quem
823 501 899 550 vellet
914 502 998 551 vocari

113 567 206 615 mabo?
249 564 337 614 Omnis
359 579 416 613 caro
434 564 535 624 foenum,
570 579 633 614 eum.
670 564 703 613 Et
714 564 842 638 postulans
851 565 997 629 pugillarem

113 637 137 678 et
154 629 235 678 omnis
250 629 329 692 gloria
345 628 397 692 ejus
412 628 539 692 quasiflos
569 628 673 692 scripsit,
698 629 797 678 drcens:
822 630 933 693 Joannes
961 637 998 680 est

112 694 171 756 agri.
207 694 363 742 Exsiccatum
381 698 418 743 est
435 696 535 751 foenum,
569 707 661 741 nomen
683 692 741 756 ejus.
779 693 812 742 Et
834 694 918 742 mirati
940 702 998 743 sunt

112 765 137 806 et
158 757 247 806 cecidit
268 756 322 816 llos,
346 757 405 834 quia
432 757 538 823 Spiritus
568 756 682 807 universi
718 757 842 821 Apertum
859 764 896 807 est
913 766 996 807 autem

113 821 216 870 Domini
236 820 341 870 sufflavit
357 837 383 870 m
398 836 437 877 ea.
473 821 544 881 Vere
569 820 636 869 illico
647 837 675 870 os
686 819 746 884 ejus,
761 828 785 870 et
801 821 886 884 lingua
897 821 958 885 ejus,
972 831 997 872 et

111 885 205 934 foenum
223 893 260 935 est
276 886 388 950 populus.
425 886 538 934 Exsicca·
567 884 714 949 loquebatur
734 886 883 934 benedicens
902 887 993 938 Deum.

112 957 164 998 tum
176 956 213 999 est
223 949 324 1009 foenum,
340 958 363 999 et
374 949 462 998 cecidit
473 949 519 998 flos
531 967 538 998 ε
569 949 602 997 Et
614 948 692 998 lactus
703 957 739 998 est
747 949 820 998 timor
828 965 903 1013 super
910 965 996 1001 omnes

112 1014 215 1062 verbum
234 1021 317 1064 autem
340 1014 443 1063 Domini
460 1014 537 1063 nostri
568 1013 772 1062 vicinoseomm:
792 1019 817 1062 et
828 1029 902 1078 super
913 1015 997 1064 omnia

111 1086 195 1127 manet
222 1078 248 1127 in
275 1086 400 1128 aetemum.
457 1078 538 1142 Super
568 1085 686 1126 montana
695 1077 789 1140 Judaeae
805 1077 997 1142 divulgabantur

112 1150 222 1191 montem
241 1142 363 1192 excelsum
379 1143 484 1191 ascende
500 1150 534 1201 tu,
568 1142 652 1190 omnia
662 1142 737 1190 verba
748 1141 816 1191 haec:
828 1151 853 1191 et
861 1151 996 1206 posuerunt

112 1207 155 1270 qui
178 1207 329 1271 evangelizas
357 1207 431 1257 Sion:
457 1207 538 1255 exalta
567 1221 654 1254 omnes
673 1207 715 1270 qui
734 1206 862 1256 audierant
878 1207 905 1255 in
922 1208 996 1257 corde

112 1271 138 1319 in
149 1270 291 1320 fortitudine
301 1287 388 1320 vocem
404 1279 480 1329 tuam,
494 1272 537 1334 qui
566 1285 619 1329 suo,
630 1271 753 1319 dicentes:
766 1270 835 1332 Quis,
842 1279 924 1334 putas,
935 1287 996 1336 puer

112 1335 263 1399 evangelizas
280 1335 431 1400 Jerusalemz
447 1334 534 1395 malta,
567 1333 612 1382 iste
624 1334 689 1384 erit?
720 1334 821 1384 Etenim
836 1351 925 1384 manus
942 1336 995 1385 Do·

112 1399 164 1449 noli
191 1400 283 1449 timere.
327 1400 376 1449 Dic
397 1399 537 1448 civitatibus
566 1399 820 1448 minieratcumillo.
858 1399 893 1448 Et
901 1399 995 1448 Zacha-

110 1463 198 1526 Judae:
214 1464 279 1512 Doce
291 1463 360 1512 Deus
370 1471 463 1513 vester:
480 1479 537 1512 ecce
565 1463 615 1511 rias
625 1471 696 1527 pater
706 1462 757 1526 ejus
768 1462 876 1526 repletus
887 1471 925 1512 est
938 1463 995 1528 Spi-

113 1527 235 1577 Dominus
258 1528 327 1577 Deus
349 1528 536 1577 infortitudine
566 1527 615 1576 ritu
643 1527 743 1586 Sancto,
773 1534 799 1575 et
825 1527 992 1590 prophetavit,

113 1592 200 1651 veniet,
215 1600 240 1641 et
250 1591 377 1640 brachium
389 1591 441 1656 ejus
456 1592 535 1641 domi·
566 1591 665 1640 dicens:
694 1591 841 1640 Benedictus
869 1591 994 1641 Dominus

112 1657 224 1704 nabitur:
241 1672 297 1705 ecce
308 1672 400 1705 merces
416 1655 468 1719 ejus
479 1672 535 1704 cum
567 1655 636 1704 Deus
653 1655 736 1714 Israel,
756 1655 815 1718 quia
833 1655 950 1715 visitavit,
969 1664 995 1705 et

112 1735 149 1778 eo,
175 1728 199 1769 et
221 1736 283 1784 opus
300 1720 365 1769 illius
381 1735 464 1768 coram
481 1720 531 1769 illo.
565 1718 623 1768 fecit
634 1719 828 1783 redemptionem
840 1718 921 1782 plebis
928 1736 993 1769 suae:

113 1784 182 1832 Sicut
214 1793 298 1848 pastor
329 1800 429 1848 gregem
464 1800 535 1833 suum
566 1791 590 1833 et
613 1784 688 1832 erexit
710 1799 785 1832 comu
803 1783 889 1832 salutis
911 1785 990 1844 nobis,

111 1855 202 1911 pascet,
216 1849 242 1896 in
259 1849 360 1897 brachio
376 1863 421 1897 suo
435 1863 535 1912 congre·
566 1847 674 1896 indomo
682 1848 764 1895 David
773 1848 842 1910 pueri
851 1848 896 1896 sui,
923 1848 994 1898 Sicut

110 1912 179 1974 gabit
201 1928 285 1975 agnos,
310 1920 335 1961 et
357 1913 382 1961 in
409 1912 464 1961 sinu
491 1928 536 1961 suo
566 1911 661 1961 locutus
680 1918 716 1960 est
736 1926 780 1974 per
796 1927 824 1960 os
841 1919 990 1972 sanctorum,

111 1976 210 2035 levabit,
220 1977 292 2025 foetas
303 1977 356 2041 ipse
364 1977 479 2040 portabit.
566 1976 609 2039 qui
620 1991 635 2023 a
645 1975 734 2025 saeculo
742 1983 805 2034 sunt,
815 1977 993 2050 prophetarum

566 2039 632 2102 ejus:
648 2040 752 2088 salutem
767 2055 798 2087 ex
813 2040 920 2089 mimicis
936 2056 993 2090 nos·

236 2105 410 2175 Eugamium,
566 2104 617 2162 tris,
635 2111 659 2152 et
675 2104 707 2152 de
723 2119 798 2152 manu
817 2105 929 2153 omnium
950 2106 993 2169 qui

354 2206 360 2218 .
566 2169 669 2217 oderunt
680 2183 740 2216 nos:
757 2168 789 2215 ad
800 2167 938 2217 faciendam
946 2170 992 2218 rni-

227 2206 254 2257 s·
267 2206 341 2255 Lucae
353 2222 368 2256 ¹·
380 2216 417 2269 57·
565 2231 721 2280 sericordiam
736 2247 792 2279 cum
808 2233 920 2295 patribus
935 2248 992 2283 nos·

177 2294 358 2344 LISABETH
405 2293 534 2358 impletum
565 2296 615 2355 tris,
641 2303 665 2344 et
692 2296 822 2344 memorari
850 2298 992 2346 testamenti

222 2366 259 2408 est
288 2366 385 2422 tempus
411 2359 531 2422 pariendi,
565 2360 602 2408 sui
616 2361 708 2408 sancti:
725 2359 904 2423 jusjurandum,
924 2362 992 2425 quod

108 2429 133 2471 et
144 2423 239 2486 peperit
251 2422 335 2472 filium.
365 2424 397 2471 Et
406 2424 534 2472 audierunt
557 2423 652 2486 'juravit
679 2425 712 2472 ad
739 2424 868 2472 Abraham
895 2434 991 2488 patrem

108 2487 182 2535 vicini
204 2495 229 2536 et
255 2487 354 2550 cognati
381 2487 441 2550 ejus,
476 2488 535 2551 quia
564 2496 682 2546 nostrum,
696 2488 810 2536 daturum
822 2504 849 2536 se
860 2489 947 2538 nobis:
963 2498 991 2539 ut

108 2551 274 2613 magnificavit
295 2551 418 2600 Dominus
439 2552 534 2600 miseri·
564 2553 616 2600 sine
643 2553 738 2610 timore,
759 2552 791 2600 de
813 2568 888 2600 manu
910 2553 989 2602 inimi·

108 2617 217 2664 cordiam
229 2632 298 2664 suam
310 2632 366 2664 cum
378 2616 428 2674 illa,
443 2623 467 2664 et
475 2632 532 2664 con·
564 2632 647 2664 corum
664 2624 803 2664 nostrorum
821 2616 925 2676 liberati,
940 2633 990 2667 ser·

108 2680 292 2742 gratulabantur
314 2680 346 2728 ei.
388 2681 421 2728 Et
441 2680 532 2728 factum
563 2680 658 2729 viamus
685 2680 729 2738 illi,
755 2680 781 2729 in
808 2681 938 2730 sanctitate
965 2690 991 2731 et

107 2753 143 2792 est
155 2745 181 2792 in
197 2744 238 2793 die
249 2751 344 2803 octavo,
358 2751 475 2792 venerunt
488 2745 532 2792 cir·
561 2743 656 2807 justitia
677 2760 760 2793 coram
787 2744 849 2809 ipso,
874 2745 990 2795 omnibus

107 2809 244 2857 cumcidere
255 2824 365 2872 puerum,
376 2817 400 2856 et
411 2809 532 2856 vocabant
564 2808 650 2856 diebus
672 2809 768 2857 nostris.
813 2809 847 2857 Et
869 2815 896 2856 tu
918 2825 987 2873 puer,

107 2888 163 2920 eum
173 2859 276 2921 *nomine
292 2874 368 2936 patris
386 2874 423 2921 sui
440 2872 531 2920 Zacha·
563 2872 685 2935 propbeta
706 2873 829 2920 Altissimi
848 2873 989 2923 vocaberis:

107 2936 176 2984 riam.
223 2938 257 2986 Et
281 2938 432 3000 respondens
454 2942 532 2983 mater
562 2937 662 2999 praeibis
674 2937 740 2984 enim
756 2944 814 2985 ante
829 2936 918 2985 faciem
936 2938 989 2987 Do·

106 2999 157 3061 ejus
165 3001 241 3050 dixit:
253 3001 425 3065 Nequaquam,
437 3000 479 3048 sed
488 3015 530 3048 vo·
563 3000 625 3048 mini
635 3016 721 3064 parare
732 3001 785 3049 vias
801 2999 868 3063 ejus:
884 3003 917 3050 ad
928 3002 989 3050 dan·

106 3065 200 3115 cabitur
209 3065 324 3128 Joannes.
369 3065 402 3113 Et
418 3065 531 3113 dixerunt
563 3064 621 3112 dam
649 3064 775 3112 scientiam
803 3065 888 3114 salutis
921 3066 989 3130 plebi

170 3140 218 3191 130
