2092 3450
359 202 484 271 ¹§liturgia
496 201 639 260 beatitati,

66 352 198 421 Domine,
220 353 351 421 Domine,
375 353 490 407 intrabit
521 353 623 422 gelium
633 352 799 406 annuntiant
807 352 842 405 de
851 352 944 405 Evan-

64 423 95 476 in
118 441 235 492 regnum
259 425 412 478 coelorum:
439 424 489 478 sed
521 425 594 492 gelio
607 425 708 478 vivere.
751 425 840 481 1Cor.
855 424 889 479 ix.
906 440 946 493 13,

64 493 114 562 qui
139 494 206 547 facit
232 495 405 547 voluntatem
436 494 489 546 Pa·
523 511 561 563 14

63 563 116 617 tris
139 565 195 617 mei
219 564 267 633 qui
291 565 320 616 in
339 564 418 617 coelis
436 573 488 630 est,
556 562 611 631 Qui
623 580 707 633 parce
720 563 848 628 seminat,
860 579 944 632 parce

64 633 128 702 ipse
145 633 268 687 intrabit.
299 630 328 687 S.
343 631 426 690 Mau.
438 630 485 687 vii.
519 642 547 687 et
560 643 661 697 metet;
681 643 708 686 et
720 634 767 702 qui
781 633 901 687 seminat
915 634 943 684 in
987 633 990 637 '

59 713 104 755 21.
284 747 287 753 .
520 703 772 769 benedictionibus
796 703 832 756 de
859 704 943 756 bene-

100 773 487 842 SedensJesuscontragazo-
520 774 689 827 dictionibus
706 782 733 826 et
752 783 845 826 metet.
885 774 943 826 Un-

62 844 232 912 phylacium,
248 843 403 913 aspiciebat
421 860 488 912 quo·
520 844 672 913 usquisque
692 854 774 911 prout
793 843 944 896 destinavit

63 914 149 967 modo
167 915 248 966 turba
263 914 383 983 jactaret
400 930 441 967 aes
459 914 488 966 in
520 914 549 966 in
567 915 651 968 corde
676 930 735 978 suo,
754 930 811 965 non
831 930 864 965 ex
883 914 944 966 tris-

63 984 300 1052 gazophylacium‚
313 993 341 1037 et
355 983 434 1037 multi
447 984 488 1037 di·
519 983 590 1051 titia,
617 992 666 1036 aut
695 1000 729 1036 ex
758 984 943 1038 necessitate:

63 1054 134 1107 vites
139 1053 390 1122 jactabantmulta.
417 1054 489 1107 Cum
520 1054 637 1106 hilarem
656 1053 731 1106 enim
744 1053 871 1107 datorem
883 1054 944 1106 dili-

63 1123 187 1177 venisset
211 1135 306 1176 autem
327 1124 412 1176 vidua
432 1140 489 1176 una
520 1125 561 1190 git
574 1125 661 1177 Deus
698 1120 793 1177 2Cor.
807 1121 842 1177 ix.
855 1121 881 1190 6,
894 1134 919 1189 7.

62 1210 177 1262 pauper,
196 1193 274 1246 misit
295 1193 351 1246 duo
372 1193 488 1260 minuta,
557 1193 751 1246 communicet
769 1193 853 1262 isqui
870 1205 944 1247 cate-

63 1263 140 1333 quod
175 1275 218 1317 est
251 1263 400 1332 quadrans.
450 1265 487 1315 Et
520 1263 643 1317 chizatur
666 1263 751 1316 verbo
781 1263 808 1316 ei
835 1263 883 1332 qui
913 1280 943 1316 se

63 1349 223 1387 convocans
242 1333 395 1402 discipulos
414 1349 487 1399 suos,
520 1334 681 1400 catechizat,
734 1333 764 1385 in
814 1334 944 1386 omnibus

63 1404 102 1456 ait
121 1403 185 1468 illis,
204 1405 296 1457 Amen
316 1404 379 1456 dico
398 1402 489 1471 vobis,
519 1403 609 1456 honis.
649 1403 743 1456 Nolite
754 1420 854 1467 errare,
865 1405 943 1456 Deus

62 1474 197 1543 quoniam
208 1472 293 1526 vidua
305 1473 366 1525 haec
383 1489 489 1542 pauper
519 1491 577 1526 non
602 1473 745 1527 irridetur:
775 1490 839 1542 quae
869 1474 944 1526 enim

62 1544 126 1612 plus
158 1544 288 1596 omnibus
320 1543 405 1608 misit,
440 1543 488 1612 qui
520 1544 699 1597 seminaverit
723 1544 818 1610 homo,
835 1543 897 1596 haec
915 1554 944 1597 et

62 1614 198 1666 miserunt
208 1613 238 1665 in
250 1612 487 1682 gazophylacium.
520 1624 615 1667 metet.
650 1605 712 1660 Gal·
725 1605 801 1676 vi··6‚
813 1619 838 1674 7·

63 1685 171 1737 Omnes
196 1684 271 1737 enim
293 1699 327 1736 ex
348 1699 391 1750 eo,
412 1683 488 1751 quod
556 1684 698 1737 Divitibus
729 1683 811 1751 hujus
849 1683 944 1737 saeculi
1008 1749 1010 1752 η

62 1754 226 1806 abundabat
250 1753 313 1818 illis,
335 1753 487 1806 miserunt:
520 1754 641 1822 praecipe
671 1770 727 1806 non
754 1753 873 1806 sublime
900 1771 943 1807 sa-

61 1824 124 1877 haec
149 1840 214 1877 vero
238 1823 274 1876 de
298 1823 414 1892 penuria
438 1839 488 1875 sua
520 1840 594 1892 pere,
614 1840 704 1892 neque
725 1839 837 1891 sperare
856 1824 885 1876 in
902 1825 943 1876 in-

62 1893 158 1947 omnia
188 1910 251 1962 quae
284 1893 382 1945 habuit
411 1892 488 1946 misit
520 1905 595 1947 certo
606 1893 774 1959 divitiarum,
783 1894 832 1946 sed
843 1894 872 1946 in
880 1895 957 1947 Deo·

62 1973 153 2017 totum
182 1965 288 2016 victum
318 1979 407 2016 suum.
455 1959 484 2014 S.
514 1962 592 2027 vivo,
623 1963 681 2031 (qui
717 1972 831 2031 praestat
862 1965 943 2017 nobis

57 2028 148 2082 Marc.
161 2025 206 2081 xii.
219 2040 263 2095 41,
275 2041 320 2099 42,
331 2041 376 2100 43,
388 2042 431 2097 44.
520 2033 615 2085 omnia
623 2033 735 2086 abunde
743 2033 942 2099 adfruendum)

99 2102 169 2170 Quis
187 2103 288 2156 militat
307 2102 364 2155 suis
383 2101 487 2170 stipen-
519 2103 592 2156 bene
610 2120 700 2171 agere,
719 2103 819 2156 divites
838 2103 896 2156 fieri
914 2104 943 2156 in

62 2173 117 2227 diis
126 2173 271 2243 unquam?
300 2172 369 2240 Quis
379 2172 487 2240 plantat
518 2173 602 2226 bonis
626 2172 765 2241 operibus,
788 2173 871 2226 facile
896 2173 943 2226 tri·

61 2244 183 2308 vineam,
207 2252 236 2296 et
260 2243 296 2296 de
315 2243 406 2295 sructu
426 2241 487 2310 ejus
519 2241 613 2309 buere,
644 2243 859 2307 communicare,
884 2244 943 2297 the-

62 2330 120 2366 non
132 2312 209 2366 edit?
245 2312 315 2380 Quis
324 2311 414 2380 pascit
426 2328 486 2379 gre-
520 2313 655 2366 saurizare
668 2314 721 2365 sibi
730 2312 943 2366 fundamentum

62 2400 135 2452 gem,
148 2393 176 2436 et
188 2383 224 2435 de
235 2383 308 2436 lacte
323 2381 417 2450 gregis
429 2399 486 2434 non
520 2383 626 2435 bonum
647 2384 675 2435 in
696 2383 827 2447 futurum,
846 2393 877 2437 ut
895 2400 942 2451 ap-

62 2452 234 2506 manducat?
266 2459 358 2514 1Cor.
372 2459 406 2514 ix,
420 2473 445 2528 7,
519 2453 694 2520 prehendant
723 2470 821 2505 veram
847 2453 941 2507 vitam.

98 2523 129 2576 Si
154 2539 206 2575 nos
230 2521 310 2574 vobis
332 2520 487 2590 spiritualia
520 2525 621 2582 1Tim,
634 2525 670 2582 vi,
686 2539 727 2594 17,
742 2527 839 2597 18‚19,

62 2592 271 2656 seminavimus
290 2607 424 2658 magnum
444 2600 487 2643 est
556 2593 621 2645 Non
634 2592 707 2645 enim
723 2592 842 2661 injustus
855 2594 943 2660 Deus,

62 2663 86 2716 si
99 2678 152 2715 nos
164 2662 287 2716 camalia
294 2672 387 2715 vestra
398 2670 486 2714 meta·
519 2671 549 2715 ut
562 2662 741 2716 obliviscatur
750 2662 841 2730 operis
849 2664 942 2728 vestri,

61 2749 133 2786 mus.
167 2735 261 2791 1Cor.
275 2735 309 2794 in
326 2751 366 2794 11.
520 2742 548 2786 et
572 2732 728 2785 dilectionis
747 2749 832 2800 quam
851 2743 942 2786 osten-

98 2801 222 2855 Nescitis
240 2802 374 2871 quoniam
391 2802 439 2871 qui
457 2800 486 2855 in
520 2801 600 2855 distis
631 2802 658 2854 in
686 2802 809 2855 Nomine
842 2803 942 2871 Ipsius,

62 2871 184 2926 sacrario
203 2882 361 2939 operantur,
373 2888 437 2941 quae
450 2871 486 2925 de
518 2871 567 2940 qui
584 2871 763 2925 ministrastis
785 2873 890 2926 sanctis
914 2889 942 2928 et

62 2942 184 2996 sacrario
198 2950 262 2994 sunt
276 2941 382 2994 edunt:
401 2951 428 2995 et
438 2942 485 3010 qui
519 2941 690 2995 ministratis.
728 2945 802 3002 Heb,
815 2946 851 3003 vi,
867 2963 907 3002 10,

61 3012 142 3066 altari
152 3010 320 3078 deserviunt,
330 3028 391 3064 cum
404 3011 485 3064 altari
555 3011 752 3066 Beneficentiae
788 3022 881 3065 autem
914 3023 941 3067 et

61 3081 250 3151 participant?
287 3082 332 3134 lta
343 3090 371 3135 et
388 3081 485 3134 Domi·
519 3081 724 3135 communionis
757 3083 843 3136 nolite
873 3084 940 3135 obli-

61 3167 115 3206 nus
127 3150 266 3204 ordinavit
278 3150 312 3205 iis
325 3151 373 3222 qui
392 3152 486 3204 Evan·
517 3151 607 3207 visci:
629 3152 740 3206 tallous
756 3151 841 3204 emm
848 3149 966 3198 *nessus

120 3233 171 3283 393
