2092 3450
443 167 623 234 datitiorum.

129 317 203 380 Resp.
228 319 347 380 Primum,
357 320 426 370 disco
433 319 532 370 credere
565 335 640 384 opera
655 326 712 369 tua:
728 318 835 383 septimo
850 325 936 368 autem
952 318 996 368 die

103 385 130 434 in
148 386 232 434 Deum
249 385 356 444 Patrem,
380 384 424 448 qui
444 400 485 434 me
507 392 531 433 et
564 384 702 434 Sabbatum
729 383 834 433 Domini
861 383 913 433 Dei
944 391 989 432 est

104 457 184 499 toturn
195 448 315 497 mundum
326 449 425 499 creavit.
563 447 624 496 Non
632 448 706 497 facies
714 462 788 497 omne
796 463 859 512 opus
867 446 895 496 in
903 463 943 508 eo,
953 453 992 505 tu,

137 514 260 573 Secundo,
283 513 309 561 in
328 513 410 562 Deum
428 512 528 573 Filium,
563 519 588 562 et
599 512 664 561 filius
674 520 738 571 tuus,
748 519 772 561 et
784 511 836 561 filia
846 519 897 572 tua,
908 528 996 562 servus

103 579 146 642 qui
163 594 203 626 me
219 584 244 626 et
260 583 341 626 totum
356 592 434 641 genus
444 577 530 626 huma·
563 583 627 637 tuus,
641 585 666 626 et
682 576 773 626 ancilla
789 583 839 636 tua,
851 575 995 640 jumentum

103 658 163 691 num
174 641 285 691 redemit
562 647 641 701 tuum,
660 648 685 690 et
702 642 798 690 advena
813 641 857 706 qui
875 648 913 690 est
929 641 996 689 intra

135 707 228 766 Tertio,
256 706 283 754 in
305 705 389 754 Deum
411 704 532 770 Spiritum
581 712 646 755 ortas
662 712 724 754 tuas.
761 705 811 755 Sex
826 705 894 754 enim
904 705 994 755 diebus

104 772 230 829 Sanctum,
246 769 288 882 pui
303 777 471 819 meettotum
483 770 532 819 Dei
562 721 621 819 iecit
638 769 762 819 Dominus
780 769 880 828 coelum,
900 777 927 820 et
945 776 994 819 ter·
1028 773 1031 776 ’

102 835 342 900 populumeectum
352 834 495 884 sanctificat.
563 849 623 894 ram,
646 841 672 884 et
692 849 768 894 mare,
787 841 813 884 et
831 834 919 884 omnia
937 849 994 899 quae

129 903 177 964 Qu.
217 899 309 948 Dixisti
337 899 405 974 quod
434 915 480 965 pro
507 905 532 948 te
563 898 589 947 in
611 893 646 948 eis
667 905 738 948 sunt:
760 905 786 947 et
807 899 931 963 requievit
951 899 994 948 die

104 963 198 1012 Patrini
225 970 249 1011 et
278 964 394 1013 Matrinae
423 979 531 1027 spopon-
563 963 676 1026 septimo.
699 962 993 1012 IdcircobenedixitDo·

103 1029 199 1086 derunt,
224 1034 249 1076 te
269 1028 318 1076 Dei
340 1028 458 1077 mandata
479 1043 532 1076 esse
562 1028 644 1076 minus
655 1027 829 1087 dieisabbati,
844 1034 870 1076 et
885 1026 993 1077 sanctifi·

103 1099 263 1142 servaturum.
289 1092 338 1141 Die
346 1099 407 1157 quot
417 1099 474 1142 sunt
485 1093 532 1140 ea?
564 1092 702 1140 caviteum.
958 1128 962 1135 .

130 1152 206 1214 Resp.
236 1156 338 1206 Decem.
595 1155 627 1206 V.
649 1156 755 1205 Honora
767 1163 864 1220 patrem
881 1162 953 1205 tuum
967 1163 993 1205 et

130 1216 177 1277 Qu.
208 1220 400 1282 Quaesuntea?
563 1227 667 1269 matrem
680 1228 756 1280 tuam,
769 1227 798 1269 ut
814 1220 848 1269 sis
864 1219 993 1284 longaevus

130 1282 206 1343 Resp.
234 1285 273 1332 Ea
287 1285 341 1349 ipsa
352 1299 408 1348 quae
420 1284 489 1334 Deus
505 1286 532 1334 In
563 1300 636 1348 super
657 1291 754 1343 terram,
774 1299 851 1348 quam
868 1285 993 1334 Dominus

103 1350 185 1413 capite
197 1349 279 1397 Exodi
290 1349 407 1398 vicesimo
418 1350 528 1413 protulit,
563 1349 632 1397 Deus
643 1355 700 1398 tuus
710 1349 780 1397 dabit
790 1348 844 1398 tibi.

104 1415 196 1473 dicens,
207 1414 262 1476 Ego
271 1429 325 1462 sum
332 1413 456 1463 Dominus
463 1414 533 1462 Deus
596 1413 641 1461 VI.
662 1413 722 1461 Non
733 1413 838 1463 occides.

103 1486 168 1539 tuus,
192 1478 235 1542 qui
263 1477 336 1526 eduxi
363 1484 388 1526 te
409 1477 442 1526 de
468 1484 533 1527 terra
595 1477 656 1526 VII.
677 1477 737 1526 Non
747 1477 921 1527 moechaberis.

48 1566 50 1571 v
104 1544 216 1606 AEgypti‚
231 1541 263 1590 de
273 1542 350 1590 domo
361 1542 490 1591 servitutis.
596 1541 672 1590 VIII.
693 1541 752 1591 Non
763 1541 856 1590 furtum
867 1541 949 1592 iacies

138 1608 157 1655 1.
173 1607 233 1654 Non
244 1606 348 1655 habebis
359 1606 427 1655 Deos
439 1607 533 1656 alienos
595 1605 643 1654 IX.
675 1605 734 1654 Non
764 1605 873 1670 loqueris
906 1612 993 1656 contra

104 1687 188 1720 coram
200 1687 246 1720 me.
562 1670 702 1733 proximum
721 1678 791 1718 tuum
811 1670 903 1719 salsum
925 1671 992 1720 testi·

137 1737 172 1784 ΙΙ.
194 1735 253 1783 Non
265 1734 339 1783 facies
351 1735 396 1783 tibi
408 1735 528 1797 sculptile,
562 1734 680 1783 monium.

104 1816 185 1864 neque
213 1815 313 1847 omnem
345 1799 531 1848 similitudinem
595 1799 628 1846 X.
648 1799 707 1848 Non
719 1799 877 1862 concupisces
888 1799 992 1848 domum

105 1880 159 1927 quae
169 1870 204 1912 est
214 1864 311 1912 incaelo
320 1864 432 1927 desuper,
443 1870 467 1912 et
476 1880 531 1928 quae
563 1862 668 1926 proximi
691 1863 744 1923 tui3
771 1879 817 1912 nec
838 1863 992 1912 desiderabis

105 1930 131 1976 In
150 1937 215 1976 terra
233 1929 355 1986 deorsum,
379 1944 425 1976 nec
447 1944 531 1977 eorum
562 1943 663 1975 uxorem
675 1927 741 1990 ejns;
757 1943 808 1976 non
819 1943 926 1987 servum,
941 1944 991 1976 non

105 2009 160 2056 quae
182 1999 238 2040 sunt
259 1993 284 2039 In
302 1993 372 2054 aquIs
391 1992 437 2040 sub
457 1999 527 2041 terra.
563 1991 684 2051 ancillam,
699 2007 749 2039 non
762 1992 861 2050 bovem,
876 2007 928 2041 non
944 1993 991 2040 asi-

105 2057 165 2105 Non
177 2056 291 2104 adorabIs
307 2072 343 2113 ea,
358 2072 438 2120 neque
455 2057 527 2105 coles.
562 2072 630 2114 num,
640 2071 685 2104 nec
693 2057 838 2119 omniaquae
848 2056 914 2105 illius
923 2064 987 2105 sunt.

105 2123 160 2184 Ego
179 2121 245 2169 enim
261 2136 316 2168 sum
328 2120 451 2168 Dominus
463 2121 531 2169 Deus
586 2125 633 2185 Qu.
664 2120 730 2182 Quid
742 2121 899 2183 potissimum
911 2137 942 2170 ex
951 2121 991 2170 his

105 2193 160 2234 tuus
171 2185 248 2243 fortis,
263 2185 361 2244 zelotes,
373 2185 474 2234 visitans
485 2185 531 2233 ini·
562 2183 684 2233 mandatis
695 2185 788 2233 discis?

104 2251 223 2314 quitatem
246 2256 344 2312 patrum
363 2248 389 2296 in
411 2249 483 2309 filios,
505 2250 531 2297 in
586 2250 661 2311 Resp.
692 2249 767 2297 Duo:
786 2248 878 2297 scilicet
896 2256 921 2297 et
938 2249 991 2298 offi-

104 2315 202 2363 tertiam
219 2320 243 2361 et
260 2320 373 2376 quartam
394 2314 530 2375 generatio·
563 2313 627 2360 cium
654 2329 738 2360 meum
765 2328 822 2375 erga
848 2314 940 2373 Deum,
966 2322 991 2363 et

104 2394 161 2426 nem
173 2393 257 2426 eorum
269 2377 312 2440 qui
328 2377 433 2425 oderunt
445 2393 492 2435 me,
507 2386 532 2426 et
561 2377 668 2426 officium
678 2393 760 2425 meum
772 2393 829 2440 erga
838 2378 986 2440 proxImum.

104 2442 195 2490 faciens
212 2441 404 2490 misericordiam
416 2442 441 2489 in
453 2442 532 2490 millia
587 2447 634 2506 Qu.
665 2441 799 2503 Quodnam
822 2449 859 2490 est
881 2442 990 2490 officium

103 2508 142 2555 his
159 2507 201 2570 qui
218 2506 323 2568 diligunt
342 2520 391 2564 me,
410 2513 435 2554 et
451 2514 531 2554 custo·
561 2513 631 2553 tuum
642 2521 700 2568 erga
712 2506 814 2554 Deum?

104 2573 173 2620 diunt
185 2577 308 2635 praecepta
319 2585 381 2617 mea
587 2572 662 2632 Resp.
691 2569 806 2618 Officium
828 2585 912 2618 meum
932 2586 991 2633 erga

137 2637 186 2685 III.
216 2635 276 2684 Non
303 2649 411 2682 assumes
438 2650 529 2682 nomen
562 2635 644 2682 Deum
655 2641 692 2682 est
703 2641 730 2682 ut
742 2635 769 2682 in
780 2635 862 2698 ipsum
878 2636 987 2694 credam,

104 2700 207 2749 Domini
220 2700 267 2747 Dei
280 2699 315 2746 tui
326 2699 352 2745 in
363 2714 469 2747 vanum:
484 2715 530 2748 nec
561 2699 643 2762 ipsum
658 2698 766 2758 timeam,
786 2699 868 2762 ipsum
887 2714 918 2747 ex
934 2706 989 2747 toto

103 2767 170 2813 enIm
186 2763 288 2812 habebit
307 2763 430 2810 insontem
441 2762 529 2811 Domi·
562 2763 635 2811 corde
656 2778 720 2822 meo,
745 2770 798 2811 tota
819 2771 910 2821 mente,
935 2769 989 2812 tota

102 2845 149 2878 nus
166 2845 229 2886 eum,
250 2827 292 2891 qui
311 2827 469 2890 assumpserit
484 2843 529 2876 no·
561 2828 651 2886 anima,
676 2833 730 2876 tota
749 2828 839 2875 virtute
867 2826 987 2890 diligam3

102 2909 160 2941 men
172 2893 275 2941 Domini
287 2892 335 2939 Dei
347 2894 384 2939 sui
396 2891 490 2940 frustra
560 2892 642 2955 ipsum
673 2892 782 2950 adorem,
813 2891 860 2955 ipsi
895 2893 988 2954 gratIas

135 2958 181 3006 IV.
202 2958 330 3005 Memento
344 2962 371 3003 ut
387 2956 453 3004 diem
466 2955 528 3004 Sab·
560 2971 639 3018 agam,
650 2956 676 3003 in
684 2956 738 3019 ipso
745 2956 842 3019 penitus
851 2956 984 3014 confidam,

102 3022 153 3071 bati
181 3020 324 3070 sanctifices.
364 3019 414 3068 Sex
441 3020 528 3068 diebus
559 3036 615 3068 eum
637 3020 758 3079 invocem,
777 3028 890 3068 sanctum
910 3020 987 3084 ipsius

102 3084 249 3150 operaberis,
283 3091 308 3133 et
338 3083 412 3132 iacies
445 3085 528 3132 omnia
559 3084 662 3140 Nomen,
676 3091 700 3133 et
711 3085 822 3133 Verbum
838 3100 947 3146 venerer,
961 3095 987 3136 et

164 3148 212 3199 180
