2092 3450
280 169 418 229 ltuutiaicu'
431 169 531 226 &uinta
549 175 606 237 mat
624 144 781 230 brittanni.

83 336 198 374 vestrum
235 323 430 388 Eademquippe
441 339 508 372 men·
540 323 584 384 tui,
617 323 712 372 trabem
740 331 831 384 autem,
860 340 917 400 quae
943 326 962 375 ir

83 401 146 450 sura,
160 405 210 454 qua
220 391 299 437 mensi
314 388 414 448 fueritis,
432 404 509 437 reme·
541 389 614 437 oculo
625 396 668 437 tuo
685 395 728 448 est,
744 404 795 437 non
812 390 962 440 consideras]

83 455 157 503 tietur
177 453 255 502 vobis.
296 452 403 501 Dicebat
425 460 508 501 autem
540 453 593 501 Aut
620 454 747 517 quomodo
781 461 853 517 potes
888 455 962 505 dicer<

83 518 131 567 illis
154 525 178 567 et
200 515 399 566 similitudinem:
427 516 507 564 Num·
539 515 608 565 fratri
618 524 676 566 tuo:
694 517 788 577 Frater,
802 518 855 567 sine
872 518 962 582 ejician

83 583 143 646 quid
162 588 243 647 potest
258 596 336 630 caecus
354 595 446 629 coecum
462 581 507 629 du·
538 581 657 630 festucam
667 581 699 630 de
710 581 783 630 oculo
800 589 857 631 tuo:
873 582 928 658 ipse
944 583 962 632 ir

83 649 157 694 cere?
181 661 263 694 nonne
279 645 354 693 ambo
370 645 397 693 in
412 645 510 694 foveam
541 644 613 694 oculo
630 652 673 694 tuo
692 645 788 695 trabem
804 661 856 695 uon
867 647 962 697 ndens]

84 712 194 759 cadunt?
234 709 295 758 Non
317 719 354 758 est
375 709 436 757 disci
454 709 509 758 ulus
542 708 962 774 Hypocntaejiceprimumtraben

82 790 157 838 super
193 774 356 836 magistrum:
388 724 509 837 perlictus
541 773 572 822 de
580 773 652 822 oculo
661 781 718 823 tuo:
736 781 761 822 et
769 776 962 839 tuncperspiciet

83 847 166 887 autem
187 841 267 886 omnis
287 837 340 897 erit,
360 837 381 885 si
396 838 429 886 sit
446 838 510 886 sicut
540 844 568 886 ut
590 838 679 886 educas
701 837 821 887 festucam
842 839 876 888 de
897 840 962 889 ocul<

82 902 199 965 magister
219 902 278 965 ejus.
330 901 399 964 Quid
425 909 508 950 autem
539 901 619 951 fratris
630 902 673 951 tui.

83 967 152 1015 vides
167 966 285 1016 festucam
302 965 328 1014 iu
344 965 417 1016 oculo
428 965 508 1015 fratris
556 972 559 980 '

275 1122 407 1180 Domitia
424 1123 524 1182 &uitta
539 1128 596 1192 unat
612 1123 769 1181 {trinitatum

245 1238 345 1292 &filib
540 1268 609 1302 aures
631 1252 683 1316 ejus
705 1252 731 1301 in
753 1267 838 1317 preces
866 1268 951 1302 eorum

538 1317 620 1366 vultus
647 1325 729 1366 autem
763 1317 869 1367 Domini
896 1333 962 1381 supet

539 1381 655 1430 facientes
674 1381 748 1430 mala
797 1381 831 1430 Et
853 1382 910 1446 quis
932 1392 962 1431 est

539 1445 582 1509 qui
593 1446 663 1494 vobis
674 1451 770 1504 noceat,
784 1445 806 1494 si
820 1446 882 1495 boni
893 1461 962 1495 aemu·

538 1511 628 1559 latores
655 1509 767 1558 fueritis?
815 1509 868 1559 Sed
896 1519 920 1559 et
947 1512 962 1558 si

540 1574 600 1648 quid
627 1575 742 1638 patimini
769 1582 872 1638 propter
896 1574 962 1639 justi·

539 1645 607 1697 tiam,
626 1639 700 1687 beati.
737 1638 867 1687 Timorem
885 1646 962 1687 autem

539 1718 624 1751 eorum
645 1719 677 1751 ne
699 1703 837 1760 timueritis,
867 1710 891 1751 et
916 1718 962 1751 non

538 1767 725 1815 conturbemini.
769 1767 908 1816 Dominum
925 1783 962 1816 au·

538 1839 588 1879 tem
611 1831 737 1880 Christum
764 1831 916 1880 sanctificate
941 1830 962 1880 iu

225 1881 349 1949 acutula.
538 1895 652 1954 cordibus
660 1896 752 1944 vestris.

191 2008 201 2043 1
216 1997 242 2046 S.
257 1997 309 2046 Pet.
324 1997 357 2045 iii.
373 1996 395 2046 8.

152 2109 251 2158 MNES
259 2110 394 2168 unanimes,
407 2101 505 2173 compa·
671 2080 845 2150 Ehanllllmm'

162 2173 256 2230 tientes,
272 2174 427 2222 fraternitatis
439 2190 504 2221 ama·
662 2189 687 2239 s,
703 2190 778 2238 [Μ
789 2207 812 2238 γ,
827 2203 848 2239 1.

82 2243 154 2294 tores,
184 2237 359 2296 misericordes,
389 2239 502 2296 modesti,

80 2300 200 2348 humiles:
217 2302 505 2351 uonreddentesmalum
597 2301 727 2351 ACTUM
744 2308 780 2350 est
797 2309 890 2362 autem,
909 2318 962 2351 cum

81 2379 126 2427 pro
142 2364 215 2424 malo,
230 2381 276 2413 nec
293 2366 451 2415 maledictum
460 2381 505 2429 pro
612 2367 690 2414 turbae
712 2367 831 2415 irruerent
853 2367 881 2414 in
897 2383 961 2424 eum,

80 2427 506 2488 maledicto,sedecontrariobene·
536 2437 564 2479 ut
586 2430 698 2478 audirent
719 2431 823 2478 verbum
852 2431 910 2490 Dei,
941 2441 962 2479 et

79 2492 202 2540 dicentes:
230 2494 288 2556 quia
310 2494 336 2541 in
357 2495 405 2543 hoc
424 2495 505 2543 vocati
536 2495 589 2558 ipse
624 2495 705 2543 stabat
742 2510 813 2543 secus
849 2502 962 2558 stagnum

79 2556 144 2615 estis,
164 2564 191 2605 ut
212 2558 409 2607 benedictionem
429 2557 504 2607 haere·
538 2559 697 2608 Genesareth.
750 2559 784 2607 Et
811 2559 875 2608 vidit
902 2560 962 2609 duas

80 2621 157 2669 ditate
177 2621 328 2684 possideatis.
369 2622 419 2685 Qui
439 2624 505 2671 enim
536 2638 611 2671 naves
630 2631 722 2671 stantes
743 2638 814 2671 secus
833 2630 962 2686 stagnum:

80 2685 132 2732 vult
160 2686 236 2733 vitam
260 2687 370 2749 diligere,
400 2694 426 2735 et
452 2687 504 2735 dies
536 2688 669 2751 piscatores
680 2694 763 2735 autem
775 2687 962 2747 descenderant,

79 2749 162 2797 videre
173 2751 259 2809 bonos,
274 2758 383 2799 coerceat
394 2751 504 2813 linguam
536 2759 560 2800 et
577 2751 693 2799 lavabant
712 2750 779 2800 retia
817 2752 962 2802 Ascendens

80 2815 260 2872 suamamalo,
280 2822 304 2863 et
322 2815 388 2863 labia
404 2815 456 2877 ejus
472 2831 504 2863 ne
534 2823 616 2864 autem
638 2815 664 2863 in
686 2831 762 2862 unam
789 2816 882 2876 navim,
910 2832 962 2880 qua

80 2877 211 2940 loquantur
230 2879 321 2927 dolum.
359 2879 504 2927 Declineta
536 2888 587 2927 erat
610 2879 726 2937 Simonis,
752 2882 849 2943 rogavit
872 2896 930 2930 eum
950 2896 962 2929 a

80 2942 153 2999 malo,
166 2949 189 2990 et
198 2942 271 2991 faciat
279 2943 505 3006 bonumzinquirat
534 2950 598 2991 terra
620 2944 736 2992 reducere
764 2944 889 3007 pusillum
932 2945 962 2994 Et

80 3019 173 3067 pacem,
188 3013 212 3054 et
229 3014 343 3070 sequatur
358 3022 429 3055 eam:
446 3007 504 3070 quia
536 3008 622 3056 sedens
650 3008 755 3056 docebat
788 3009 820 3056 de
851 3008 962 3058 navicula

80 3067 144 3116 oculi
165 3069 267 3118 Domini
284 3086 357 3134 super
373 3070 460 3134 justos,
480 3078 512 3120 et
536 3072 625 3121 turbas.
675 3071 712 3121 Ut
745 3072 848 3122 cessavit
882 3082 962 3122 autem

141 3130 176 3194 98

150 1343 175 1391 A
192 1343 272 1402 nobis,
291 1358 436 1406 quaesumus,
456 1342 508 1391 Do-

166 1407 239 1464 mine,
254 1414 282 1455 ut
293 1416 317 1456 et
328 1407 414 1455 mundi
426 1422 509 1456 cursus

83 1470 186 1535 pacifice
197 1471 269 1520 nobis
286 1478 329 1519 tuo
348 1471 434 1520 ordine
450 1471 508 1520 diri·

82 1542 160 1598 gatur,
189 1543 214 1584 et
237 1535 347 1584 Ecclesia
369 1542 413 1583 tua
442 1542 508 1584 tran-

82 1600 159 1663 quilla
174 1599 306 1648 devotione
321 1599 423 1648 laetetur.
461 1600 509 1648 Per

79 1665 165 1727 Jesum
205 1664 331 1713 Christum
371 1664 507 1712 Dominum

82 1736 199 1777 nostrum.
235 1731 323 1777 Amen.
