2040 3458
407 187 552 259 Epiphania
568 193 681 250 homini.

105 345 222 397 videntes
230 355 316 397 antem
324 355 493 412 cognoverunt
501 349 533 398 de
561 347 656 398 dictum
670 361 707 398 est
724 349 757 398 ad
773 348 835 399 illos.
873 351 906 399 Et
923 360 989 415 post-

105 411 184 472 verbo,
195 413 265 524 (prod
276 413 373 468 dictum
381 420 434 462 erat
444 412 493 462 illis
501 413 534 491 dc
561 428 636 488 quam
641 414 805 491 consommati
811 420 867 463 sunt
874 415 927 464 dies
932 424 989 465 octo

105 490 178 537 preto
223 492 260 526 oc
309 477 345 526 Et
371 492 465 536 omnes,
489 493 533 542 qiu
561 486 588 525 ut
604 479 819 527 circumcideretur
834 495 902 542 puer,
917 496 989 528 voca-

46 538 49 577 !
107 539 239 601 andierunt,
260 541 345 589 mirati
363 548 437 591 sunt:
456 547 481 590 et
500 542 532 590 de
560 549 614 590 tum
633 549 670 591 est
688 557 781 592 nomen
800 542 852 605 ejus
870 544 986 607 JESUS‚

46 780 59 1309 ι

47 1502 54 1759 l

107 602 150 662 hia
162 619 218 668 quae
232 605 301 653 dicta
315 612 384 655 erant
396 621 411 654 a
425 607 529 669 pastori·
560 605 628 670 quod
649 614 765 655 vocatum
787 616 823 655 est
845 609 878 656 ab
901 609 988 671 angelo

108 666 151 716 bas
169 670 202 717 ad
223 668 298 733 ipsos
344 669 426 718 Maria
447 677 530 719 autem
559 671 751 734 priusquamin
766 673 987 736 uteroconcipere·

48 762 52 767 -
109 733 263 783 comervabat
275 733 360 782 omnia
374 735 450 783 verba
464 734 526 793 haec,
559 742 605 783 tur.

110 796 229 846 conserens
238 798 266 846 in
277 799 353 847 corde
363 814 415 847 suo.
447 799 480 848 Et
490 815 527 847 re·
799 849 804 859 ,

111 861 167 908 versi
176 870 351 926 suntpastorffi
361 861 527 926 glorificantes
558 845 623 893 Haec
634 846 721 922 eadent
733 847 830 923 Ora-tro,
838 866 896 924 'curn
907 853 979 915 Epis-

112 932 133 970 α
141 923 265 975 laudantes
274 927 365 985 Deum,
376 929 403 975 in
414 927 528 977 omnibus
584 911 635 985 tola
641 913 813 976 ethvangeho,
818 916 914 964 dicatur·
919 935 979 982 (luo-

112 1002 160 1050 quae
166 990 293 1040 audierant
303 991 456 1052 etvidemnt,
467 992 530 1041 sicut
584 977 645 1025 tidie
657 993 734 1041 usquc
747 980 778 1026 ad
792 981 968 1044 Epiphaniam.

464 1124 617 1195 annana,

195 1230 257 1267 srva
273 1230 387 1267 crnnsrr
404 1230 500 1268 comm
517 1230 656 1268 cnnnrns
673 1231 889 1271 nnmrnsmrro.

258 1313 360 1369 atain.
558 1323 610 1356 esse
630 1309 770 1368 coheredes,
793 1319 818 1359 et
838 1327 983 1375 concorpor-

115 1386 246 1513 Daos,
261 1396 304 1460 qui
319 1397 473 1459 unigenitum
485 1398 526 1445 n-
556 1371 615 1449 ²l2⁵2
635 1379 659 1421 et
677 1374 984 1448 0031¹P²rticipespromis

177 1460 238 1508 lium
248 1468 318 1509 tuum
327 1460 527 1511 Genfibusstefla
556 1437 631 1485 sionis
643 1437 695 1500 ejus
706 1454 732 1485 111
750 1439 849 1487 Christo
863 1441 923 1503 Jesu
939 1455 984 1503 per

111 1521 163 1573 duee
170 1525 299 1574 revelasti:
317 1525 433 1575 Concede
441 1527 525 1590 propi.
556 1500 736 1578 Eyallgelium:
756 1502 825 1565 cujus
839 1503 917 1552 lactus
928 1520 982 1552 sum

110 1587 155 1646 pus,
168 1589 286 1654 utquite
299 1588 353 1652 jam
366 1589 456 1639 exfide
467 1607 523 1654 cog·
555 1575 672 1625 mrmster,
714 1567 849 1615 secundum
888 1569 982 1616 donum

109 1652 217 1712 norimus,
238 1660 283 1702 tua
299 1653 406 1716 gloriosa
423 1655 524 1704 Deitate
553 1630 639 1691 8³³5ae
655 1631 712 1688 Dei,
727 1647 782 1694 quae
799 1632 857 1679 data
872 1639 908 1680 est
920 1632 982 1680 mihi

108 1723 155 1776 post
175 1717 241 1766 hanc
262 1717 339 1767 vitam
360 1719 519 1782 perfmamur‘
554 1695 688 1768 secundum
705 1697 875 1758 operationem
885 1697 981 1744 virtutis

48 1766 52 1797 ³
109 1777 147 1829 Per
164 1782 272 1830 eundem
291 1782 377 1845 Jesum
398 1783 522 1832 Christum
553 1773 613 1832 ‘³19⁵-
642 1759 707 1807 Mihi
719 1760 830 1808 omnium
841 1769 981 1808 sanctorum

47 1852 52 1881 Ι

46 1896 52 1921 l

106 1841 235 1895 Dominum
246 1856 364 1896 nostrum
400 1851 482 1897 Amen
553 1823 657 1871 minimo
679 1824 738 1871 data
760 1831 796 1872 est
815 1826 895 1886 gratia
916 1825 977 1884 haec,

483 1883 489 1895 '
553 1885 704 1949 ingentibus
721 1889 886 1950 evangelizare
901 1889 980 1936 inves-

242 1971 368 2041 Eppmpa‘
553 1951 666 2062 tlipabiles
697 1953 794 2000 divitias
826 1954 924 2028 Christi,
949 1961 979 2028 ¹et

190 2056 424 2120 nnn.n1.
552 2018 979 2141 1,nanaannnam

170 2144 259 2257 UgUS
292 2145 328 2194 rei
357 2145 445 2208 gratia,
475 2161 521 2208 ego
552 2158 567 2189 a
585 2144 680 2192 saecuhs
700 2145 725 2192 in
746 2145 810 2204 Deo,
832 2146 874 2209 qui
894 2147 978 2194 omnia

90 2230 95 2247 ι
213 2208 284 2257 aulus
305 2208 401 2258 vinctus
429 2209 522 2258 Christi
553 2208 660 2268 creaiit3
684 2217 711 2257 ut
731 2209 867 2258 innotescat
887 2211 977 2284 princi·

94 2272 158 2335 Jesu,
182 2287 231 2337 pro
252 2272 324 2321 vobis
346 2272 476 2332 Gentibus,
501 2275 522 2322 si
551 2271 650 2333 patibus
666 2279 691 2321 et
707 2275 869 2336 potestatibus
886 2291 911 2322 m
929 2290 977 2323 coe-

96 2345 176 2386 tamen
193 2337 296 2385 audistis
312 2337 522 2400 dispensationem
552 2335 652 2385 lestibus
669 2352 713 2400 per
730 2338 874 2398 Ecclesiam,
894 2338 976 2386 multi·

93 2402 177 2463 gratiae
194 2401 252 2461 Dei,
266 2417 322 2465 quae
338 2402 397 2450 data
413 2409 449 2450 est
460 2402 521 2450 mihi
550 2399 635 2448 formis
646 2401 766 2464 sapientia
778 2402 833 2462 Dei,
842 2404 976 2451 secundum

93 2465 118 2514 in
134 2465 225 2514 vobis:
248 2466 366 2529 qnoniam
385 2466 520 2515 secundum
550 2463 739 2525 praefinitionem
746 2467 975 2529 saecnlorumqnam

92 2530 269 2579 revelationem
287 2539 374 2578 notum
390 2530 453 2579 mihi
470 2530 519 2579 fac·
549 2527 606 2576 fecit
625 2531 652 2577 in
670 2530 770 2579 Christo
787 2531 846 2594 Jesu
864 2530 975 2578 Domino

92 2603 144 2642 tum
172 2601 209 2642 est
239 2602 426 2653 sacramentum,
456 2595 519 2643 sicut
547 2598 649 2641 nostro:
668 2593 695 2642 in
711 2609 761 2657 quo
777 2594 896 2643 habemus
913 2593 974 2640 fidu·

91 2674 165 2722 supra
183 2657 272 2721 scripsi
290 2659 317 2707 in
334 2659 419 2708 brevi:
444 2667 517 2722 prout
548 2657 619 2714 ciam,
644 2665 668 2706 et
694 2674 818 2706 accessum
845 2660 872 2706 in
899 2656 974 2706 confi·

90 2722 194 2786 potestis
202 2723 311 2785 legentes
318 2723 454 2786 intelligere
461 2739 517 2787 pru-
547 2720 631 2769 dentia
641 2738 687 2785 per
697 2722 772 2770 fidem
783 2724 841 2786 ejus.

90 2788 202 2836 dentiam
233 2803 314 2836 meam
344 2787 370 2835 in
400 2789 516 2850 mysterio

89 2851 199 2900 Christi:
216 2852 284 2916 quod
292 2852 346 2900 aliis
354 2853 517 2914 generationi·
664 2853 839 2921 finangclinm,

89 2916 137 2965 bus
165 2932 218 2964 non
246 2923 283 2965 est
315 2917 427 2980 agnitum
459 2915 516 2965 filiis
795 2956 809 2966 ..

89 2981 228 3038 hominnm,
250 2980 322 3029 sicuti
340 2996 406 3029 nnnc
425 2981 517 3054 revpla·
664 2955 689 3005 S·
706 2956 778 3003 Mati·
794 2972 818 3003 Π·
837 2969 856 3003 ¹·

88 3055 143 3094 tum
159 3053 197 3093 est
208 3044 298 3093 sanctis
309 3044 439 3108 Apostolis
455 3061 515 3107 ejus,
608 3044 662 3093 UM
675 3059 734 3106 ergo
744 3051 816 3092 natus
828 3052 890 3092 esset
901 3045 972 3108 Jesns

89 3119 114 3158 et
132 3108 263 3172 Prophetis
279 3109 305 3157 in
317 3107 418 3172 Spiritu,
430 3122 517 3172 gentes
547 3052 600 3184 C
617 3108 643 3157 in
651 3108 797 3158 Bethlehem
807 3108 880 3174 Juda,
888 3109 915 3157 in
921 3109 970 3158 die·

149 3185 184 3229 41
