2092 3450
326 120 764 261 inmanium.

89 334 148 387 ideo
170 332 299 385 inutiliter
316 332 350 385 'et
371 350 404 385 ex
428 334 515 387 inuno
540 332 974 387 -unttirmmouoeoom

86 398 515 479 pruinamqnialiiliummum
546 398 973 467 coadmdootetvoaprovea·

105 592 515 653 ronobismoreretur,oerlutno·
546 599 645 645 tantm
735 594 975 647 mCommm·

87 608 515 771 lupamtmffiffitmtzfierettn
546 656 604 709 onia
620 656 789 723 puudpatto,
809 665 839 709 nt
856 656 975 709 modem-

42 770 46 777 ,
88 728 246 771 samosaneto
301 736 319 771 o
341 720 512 773 &mamma
546 721 676 773 nationem
703 730 814 773 vetram
839 722 972 789 adnuunt.

88 784 320 851 Quodcumdtgoa
334 784 516 851 accipientibus
547 784 662 863 Quareai
679 785 975 853 usvaurhtnpnmu

88 866 128 901 res
144 848 294 901 tamdivina
308 850 525 913 dttnmoonoon
547 802 975 923 nctirJoiDeindvermiusrel

87 914 184 992 latoria,
197 914 337 977 iisantem,
353 914 397 981 qni
412 912 516 991 indigue
547 914 708 991 obtrectator,
736 914 905 993 §adulterii
933 914 975 967 vel

88 978 516 1101 trinutum
547 978 658 1109 tilii
675 978 976 1111 uminis

87 1107 220 1169 cohortari,
238 1116 267 1157 nt
281 1107 378 1159 interea
386 1108 515 1158 vobiscum
547 1112 664 1169 repatuit
736 1109 974 1175 terpecoatapoeni·

85 1171 516 1299 {ppeppffiatffiupffl
546 1172 975 1289 &silwim

88 1252 515 1367 ruminossdemmffimpllniei-
580 1300 649 1365 Quia
664 1310 749 1351 autem
763 1316 867 1353 neumae
881 1309 928 1364 eet,
945 1310 974 1353 ut

88 1366 192 1432 parione
200 1364 354 1431 periculum:
370 1373 397 1415 et
412 1373 441 1417 nt
456 1380 519 1421 oon,
547 1366 582 1417 ad
596 1380 694 1417 aarum
709 1366 973 1417 Communioamne·

88 1430 204 1480 scientias
224 1437 327 1489 resima,
344 1444 397 1479 nou
418 1428 514 1491 leviter,
546 1444 592 1481 nto
609 1429 722 1491 emman
738 1429 789 1481 uiui
810 1433 854 1496 qui
872 1431 974 1483 Divinae

88 1510 136 1544 neo
151 1510 220 1545 more
234 1494 421 1559 hypocritarum
431 1508 516 1545 coram
547 1494 724 1545 misericordia
737 1495 841 1561 plenam
855 1494 974 1547 fiduciam

89 1559 155 1619 Deo,
168 1558 213 1609 sed
223 1558 260 1608 ita
269 1558 368 1623 penitus
379 1558 516 1623 inspiciatis
547 1558 640 1611 habeat
645 1567 671 1609 et
678 1560 839 1625 tranquillam
845 1560 974 1611 monetm-

89 1628 120 1674 et'
137 1622 278 1687 exploretis,
296 1631 325 1672 ut
340 1640 386 1672 vos
407 1624 440 1672 ad
462 1630 515 1672 tam
547 1622 626 1674 tiarna
651 1623 727 1689 siquis
748 1624 825 1673 vestri
847 1624 972 1674 conscien-

90 1688 191 1738 coeleste
202 1687 516 1738 conviviuminsanctitate
548 1688 609 1737 tiam
620 1703 690 1737 suam
701 1688 770 1737 hisce
784 1689 922 1738 rationibus
936 1705 973 1739 se·

89 1754 248 1831 accedentes,
254 1761 278 1802 et
285 1753 391 1827 nuptiali
398 1752 442 1800 illa
448 1761 516 1801 veste
548 1753 607 1829 dare
624 1761 738 1817 nequeat,
757 1753 801 1801 sed
817 1753 875 1829 plus
891 1753 973 1803 solatii

90 1817 516 1946 {tristitiarum}
548 1817 973 1947 §timuisti‘uitri

89 1947 179 2008 dignos
188 1945 231 2010 qui
248 1945 344 1994 Mensae
361 1947 427 1995 illius
440 1961 516 1994 sacrae
547 1945 625 2001 alium
635 1946 704 1996 verbi
721 1945 770 1996 Dei
782 1945 934 2005 Ministrum,
950 1954 974 1996 et

90 2011 155 2059 fiatis
166 2011 307 2073 participes.
547 2010 660 2059 dolorem
677 2025 748 2059 suum
764 2011 880 2074 detegat:
902 2020 930 2061 ut
943 2011 974 2060 is·

123 2075 198 2136 Quod
214 2083 242 2123 ut
259 2074 311 2134 fiat,
329 2073 384 2123 haec
406 2074 516 2123 ineunda
548 2083 602 2124 tum
620 2075 727 2139 accipiat
746 2073 875 2139 spirituale
894 2076 974 2125 cousi-

89 2146 127 2188 est
143 2139 214 2188 ratio.
258 2139 385 2202 Imprimis
404 2139 437 2187 ad
459 2154 515 2186 nor·
548 2139 609 2188 lium
636 2147 661 2187 et
688 2139 894 2196 admonitionem,
919 2155 975 2204 quae

89 2200 157 2251 marn
173 2212 355 2266 praeceptorum
367 2202 417 2252 Dei
434 2218 515 2252 mores
547 2203 725 2252 conscientiam
736 2204 974 2269 suamtrauquillare

89 2276 183 2316 vestros
203 2268 352 2330 exploretis:
375 2275 400 2316 et
421 2267 448 2315 in
465 2282 515 2332 quo
547 2277 573 2317 et
589 2283 677 2317 omnes
688 2267 857 2317 dubitationes
872 2283 973 2335 scrupu-

91 2331 259 2381 intellexeritis
290 2347 343 2391 vos,
376 2331 512 2390 voluntate,
547 2331 634 2397 losque
645 2331 740 2382 auferre
750 2332 858 2384 valeant

89 2397 174 2454 verbo,
188 2404 230 2444 aut
245 2411 320 2459 opere
337 2395 477 2454 offendisse,
488 2395 515 2444 in

91 2475 120 2508 eo
137 2460 295 2524 iniquitatem
308 2467 415 2509 vestram
427 2459 515 2508 flebili·
546 2466 612 2527 Sive,
627 2467 648 2517 si
660 2469 761 2532 quando
773 2471 900 2534 Populum
916 2473 976 2522 Sac-

93 2533 130 2572 ter
146 2539 229 2572 coram
246 2523 303 2571 Deo
319 2524 466 2598 agnoscatis.
480 2524 516 2573 518
576 2549 630 2581 ram
656 2534 867 2585 Communionem
896 2539 975 2601 negli-

90 2597 172 2637 tamen
191 2598 219 2637 ut
238 2596 305 2636 certo
322 2596 353 2636 stt
369 2588 441 2636 vobis
458 2604 515 2651 pro·
575 2614 634 2660 gere
643 2602 804 2663 perspexerit,
816 2601 873 2650 loco
883 2619 976 2665 praece·

89 2651 278 2726 positumvitam
283 2652 513 2702 meliusinstituere·
574 2664 657 2712 dentis
669 2663 734 2713 hanc
746 2677 893 2730 sequentem
901 2668 976 2718 iaciat

91 2717 199 2778 Quodsi
216 2723 516 2780 peccatavestracaesse
575 2728 790 2780 Exhortationem,
848 2773 852 2781 Ι

89 2780 300 2845 deprehenderitis
310 2795 365 2844 quae
373 2796 423 2829 non
434 2780 515 2830 solum

90 2845 155 2903 Deo,
166 2844 210 2893 sed
222 2845 297 2893 etiam
308 2844 427 2908 proximis
438 2845 514 2894 offen·
616 2843 841 2902 ILEC'I'ISSIMI
877 2844 971 2903 iratres,

89 2909 154 2958 sioni
165 2909 221 2967 sint,
236 2916 288 2958 tum
297 2910 473 2972 vosoportebit
485 2909 516 2957 iis
654 2908 703 2959 die·
726 2935 792 2946 —-
837 2909 974 2972 ropositum

89 2973 253 3037 vosmetipsos
262 2973 429 3034 reconciliare,
439 2982 464 3023 et
471 2989 515 3037 pa·
547 2971 637 3032 habeo,
649 2973 698 3022 Dei
707 2973 794 3036 gratia,
829 2987 914 3021 oenam
922 2973 974 3020 Do-

88 3046 155 3087 ratos
166 3052 219 3086 esse
231 3052 276 3100 pro
293 3037 358 3085 virili
375 3038 515 3088 satisfacere
548 3037 665 3086 minicam
677 3038 815 3087 celebrares
838 3036 871 3085 ad
888 3051 972 3101 quam,

85 3116 135 3167 pro
151 3101 267 3150 omnibus
284 3101 379 3165 injuriis
401 3102 445 3150 alii
464 3102 515 3151 cui·
548 3117 595 3165 pro
612 3101 677 3160 Deo,
690 3117 736 3150 vos
752 3116 839 3150 omnes
857 3116 921 3149 voco
931 3100 974 3165 qui

78 3184 192 3236 cumque
204 3183 250 3235 per
261 3183 309 3220 vos
323 3167 411 3230 illatis,
423 3173 452 3217 et
465 3165 523 3216 aliis
552 3164 656 3223 adestis,
671 3172 699 3213 et
715 3172 817 3227 propter
836 3164 974 3215 Dominum

140 3249 199 3302 4¹4
