2092 3450
280 202 353 256 Druo
371 199 580 256 armatarum
599 187 745 256 infirmum.

77 347 149 389 utero
169 357 177 388 t
193 338 225 388 de
241 347 326 388 ventre
341 337 425 387 matris
444 353 506 387 meae
571 340 711 390 Potentiam
723 349 799 400 tuam,
812 351 835 390 et
845 342 964 405 justitiam

78 412 106 453 tu
117 411 365 468 esprotectormeus.
538 411 614 464 tuam,
627 404 703 466 Deus,
712 421 790 470 usque
801 406 827 454 in
836 407 962 467 altissima,

111 468 143 517 In
159 475 185 517 te
201 467 309 516 cantatio
325 482 382 516 mea
395 482 506 530 semper:
539 483 594 532 quae
613 469 692 519 fecisti
711 470 836 534 magnalia
858 489 864 520 :
885 471 962 532 Deus,

78 540 198 596 tanquam
207 532 348 597 prodigium
362 531 440 581 iactus
452 548 506 580 sum
539 533 593 597 quis
604 534 691 583 similis
702 535 768 584 tibi?

78 596 179 656 multis;
194 596 453 660 ettuadjutorsortis.
533 606 535 610 ’
571 597 658 647 Gloria
677 599 751 659 Patri,
774 606 799 650 et
823 599 888 650 Filio
912 619 918 650 :
941 608 965 650 et

114 660 250 725 Repleatur
260 676 288 710 os
296 676 379 710 meum
387 661 468 719 laude,
479 667 507 709 ut
540 662 643 726 Spiritui
655 663 764 725 Sancto;

79 732 177 774 cantem
187 725 292 789 gloriam
303 733 371 774 tuam
384 744 391 775 ι
402 732 455 774 tota
466 725 506 774 die
572 727 641 776 Sicut
663 736 715 777 erat
736 729 762 777 in
784 729 915 793 principie,
941 737 965 779 et

79 790 276 902 magnitudinem
288 797 362 838 tuam.
538 807 611 851 nunc,
625 799 650 840 et
661 808 758 858 semper
777 811 784 842 ε
802 802 826 842 et
838 794 864 842 in
875 794 965 844 saecula

140 854 284 918 eprojieias
299 869 340 903 me
356 855 507 918 intempore
538 856 691 906 saeculorum.
727 859 817 907 Amen.

80 919 213 968 senectutis
231 936 238 969 r
255 934 311 967 cum
327 918 442 968 deiecerit
458 919 506 967 vir-

80 994 120 1032 tus
131 998 195 1044 mea,
208 998 241 1032 ne
250 982 405 1047 derelinquas
416 998 463 1033 me.
647 999 680 1047 Et
691 998 739 1046 hoc
751 998 836 1058 addat,

114 1046 182 1109 Quia
202 1047 315 1095 dixerunt
341 1047 435 1096 inimici
457 1047 506 1096 mei

79 1111 144 1159 mihi
158 1111 255 1176 :etqui
270 1112 440 1160 custodiebant
454 1112 505 1161 ani·
595 1101 769 1177 ALVATQR
784 1103 878 1163 mundi,
897 1103 964 1152 salva

79 1191 242 1224 mammeam
254 1176 383 1225 consilium
397 1176 507 1225 iecerunt
593 1229 599 1240 ,
627 1181 680 1227 ¹10⁵,
697 1182 739 1230 (1¹11
756 1182 801 1229 I>er
818 1167 922 1216 Crucem
939 1176 964 1216 0²

78 1241 105 1288 in
116 1255 200 1290 unum,
537 1237 672 1293 pretiosum
682 1231 833 1293 Sanguinem
845 1238 915 1280 tuum
926 1247 962 1280 re-

113 1304 241 1365 Dicentes,
274 1305 343 1354 Deus
375 1305 506 1369 dereliquit
537 1294 636 1342 demisti
646 1295 840 1344 nosaauxiliare
850 1297 930 1356 nobis,
938 1303 963 1345 te

78 1385 136 1417 eum
148 1387 155 1417 :
166 1369 349 1433 persequimini,
359 1378 384 1418 et
395 1385 506 1433 eompre-
537 1359 704 1421 deprecamur,
719 1359 835 1409 DOmisse·

78 1433 181 1482 hendite
197 1449 254 1483 eum
260 1451 268 1495 3
284 1435 343 1498 quia
353 1450 405 1483 non
416 1433 506 1498 estqui

79 1498 114 1546 eri
134 1497 175 1548 iat.
588 1498 687 1547 Deinde
699 1499 765 1548 dicat
778 1499 899 1560 Minister,

139 1563 505 1627 eus‚neelongerisame:Deus
606 1594 769 1645 OMINUS
787 1594 959 1658 omnipotens,

78 1627 505 1741 mefflffifflffimffmdrffiffl
537 1594 598 1771 Ρ
638 1658 681 1723 qui
698 1660 813 1708 omnibus
828 1660 855 1707 in
866 1674 893 1708 se
904 1674 961 1708 con·

78 1754 235 1805 detrahentes
250 1756 339 1804 animae
353 1772 414 1804 meae
429 1772 505 1820 :ope-

78 1820 172 1867 riantur
194 1820 336 1869 coniusione
363 1828 387 1869 et
411 1821 506 1884 pudore

79 1884 121 1948 qui
134 1892 246 1948 quaerunt
256 1885 322 1933 mala
334 1885 402 1933 mihi.

112 1947 168 2011 Ego
180 1956 262 1997 autem
278 1965 376 2012 semper
387 1949 505 2013 sperabo:

79 2019 103 2060 et
120 2012 236 2076 adjiciam
252 2028 325 2077 super
338 2029 438 2062 omnem
454 2014 506 2062 lan·

79 2077 139 2125 dem
149 2084 225 2126 tuam.

84 2167 87 2173 ·
112 2141 150 2190 Os
171 2157 255 2190 meum
276 2142 432 2191 annuntiabit
456 2141 507 2204 jus·

572 1723 668 1772 entibus
677 1724 749 1771 tumis
757 1730 794 1772 est
802 1723 959 1782 fortitudinis,

537 1795 561 1836 et
569 1788 607 1836 cui
615 1787 822 1848 omniacoelestia,
830 1788 959 1847 terrestria,

537 1859 561 1899 et
577 1852 680 1910 inferna,
694 1852 819 1901 humiliter
833 1853 958 1911 obediunt,

537 1917 568 1964 sit
584 1915 630 1964 tibi
646 1924 752 1964 nuncet
771 1917 798 1964 in
816 1924 960 1981 perpetuum

537 1987 672 2043 protectum
683 1989 708 2029 et
714 1981 756 2029 det
764 1981 808 2029 tibi
816 1996 962 2043 cognoscere

537 2052 561 2092 et
573 2044 662 2093 sentire
673 2060 724 2093 non
732 2045 800 2093 aliud
808 2061 899 2094 nomen
911 2061 963 2092 esse

538 2109 583 2157 sub
594 2109 659 2157 coelo
671 2109 757 2158 datum
774 2109 922 2168 hominibus,
937 2109 962 2157 in

90 2205 115 2216 ..
369 2207 374 2216 .
556 2189 588 2221 uo
604 2180 629 2221 et
664 2189 690 2222 er
722 2174 773 2222 uod
788 2175 919 2223 sanitatem
939 2183 962 2221 et

78 2213 160 2254 titiam
177 2214 245 2254 tuam
264 2224 270 2255 ε
287 2214 340 2255 tota
349 2207 391 2254 dre
402 2206 507 2255 salutare
538 2188 767 2301 §alutemlgons‘gqui
776 2239 862 2302 possis,
874 2244 964 2302 ΜΗ

80 2280 239 2397 Ἣοηίαω
255 2350 306 2383 non
321 2335 425 2398 cognovi
441 2335 505 2384 litte.
538 2301 639 2414 Diffi?
666 2303 769 2415 Ῑῖξῶΰὲὲῑ
796 2311 874 2351 nostrl
901 2303 963 2366 Jesu

78 2406 196 2458 raturam,
215 2399 323 2448 introibo
340 2400 366 2447 in
383 2400 506 2462 potentias

80 2463 185 2512 Domini
202 2481 209 2512 ι
225 2463 341 2524 Domine,
351 2464 507 2513 memorabor
804 2504 808 2513 .

77 2527 181 2592 justitiae
192 2535 240 2576 tuae
251 2527 333 2576 solius.
642 2504 675 2553 Et
686 2511 774 2568 905(θῖι
785 2505 859 2562 dffl’

113 2592 184 2640 Deus
192 2591 298 2640 docuisti
307 2592 507 2655 meajuventute
598 2593 651 2640 EN
657 2592 769 2641 IGNAE
798 2591 847 2639 Dei
870 2591 962 2639 miseri-

79 2671 137 2705 mea
156 2673 163 2704 ε
180 2663 204 2704 et
221 2672 298 2720 usque
316 2672 383 2705 nunc
399 2672 506 2720 pronun·
628 2657 718 2705 cordiae
730 2662 754 2704 et
765 2655 848 2704 tutelae
860 2662 884 2703 te
896 2670 962 2703 com-

80 2720 150 2769 tiabo
160 2720 283 2768 mirabilia
294 2727 342 2769 tua.
538 2721 665 2769 mittimus.
680 2720 814 2768 Benedicat
822 2719 867 2768 tibi
875 2719 962 2768 Domi-

114 2784 148 2831 Et
174 2800 252 2848 usque
278 2785 305 2833 in
332 2792 455 2834 senectam
482 2792 507 2834 et
539 2801 592 2844 nus,
604 2793 628 2834 et
640 2784 761 2833 custodiat
772 2791 804 2831 te.
840 2783 963 2833 Ostendat

80 2849 175 2897 senium
194 2865 200 2896 :
218 2848 296 2909 Deus,
309 2865 341 2898 ne
352 2849 507 2914 derelinquas
539 2849 662 2898 Dominus
678 2847 766 2896 faciem
782 2862 851 2896 suam
869 2847 922 2906 tibi,
938 2857 963 2898 et

81 2928 136 2962 me:
538 2912 733 2961 misereaturtui.
766 2910 899 2961 Convertat
911 2913 963 2961 Do·

113 2977 202 3027 Donec
218 2978 362 3026 annuntiem
378 2977 506 3027 brachium
539 2978 619 3025 minus
626 2976 721 3024 vultum
729 2991 800 3024 suum
808 2976 839 3023 ad
846 2985 878 3035 te,
889 2983 913 3025 et
922 2978 964 3027 det

80 3049 151 3090 tuum
170 3061 177 3091 z
196 3042 349 3105 generationi
367 3044 436 3091 omni
451 3057 506 3106 quae
539 3042 584 3089 tibi
595 3056 690 3104 pacem,
704 3055 768 3105 nunc
785 3047 809 3088 et
826 3056 871 3104 per
881 3042 968 3089 omnia

79 3114 185 3156 ventura
197 3114 248 3156 est:
539 3105 630 3155 saecula
639 3104 797 3156 saecuiorum.
837 3107 933 3154 ismen-

148 3179 194 3234 Ῑ97
