2092 3450
81 178 142 226 Dies
153 177 229 225 XXI.
468 172 577 240 {tissimi
840 178 958 226 ,thaa

102 338 238 386 Avertente
260 344 343 387 autem
359 345 384 387 te
399 337 496 400 faciem,
561 338 620 402 Ipse
633 338 755 388 Dominus
766 338 836 388 Deus
851 346 933 389 noster
948 359 954 394 z

68 402 235 451 turbabuntur
251 420 257 451 :
274 402 368 452 auferes
384 403 496 466 spiritum
528 403 555 452 in
565 403 679 452 universa
689 410 755 452 terra
762 402 857 466 judicia
868 404 925 467 ejus

66 482 163 526 eorum,
177 473 202 516 et
218 465 340 526 deficient,
360 472 385 516 et
401 468 427 515 in
443 466 496 531 pul·
561 468 660 517 Memor
675 468 721 516 fuit
737 467 762 515 in
774 467 891 516 saeculum
907 476 953 517 tes·

66 546 153 580 verem
163 546 234 580 suum
245 537 402 580 revertentur.
528 532 630 581 tamenti
640 531 678 581 sui
698 549 705 582 ε
720 532 790 581 verbi
806 533 874 596 quod
885 549 953 581 man·

102 595 209 644 Emittes
235 596 348 660 spiritum
369 603 447 654 tuum,
473 603 497 644 et
527 596 595 645 davit
606 596 632 645 in
643 596 711 645 mille
721 598 897 659 generationes.

65 660 242 709 creabuntur:
265 667 290 708 et
310 660 440 709 renovabis
462 660 496 708 sa·
560 660 635 722 Quod
643 661 763 724 disposuit
770 661 802 708 ad
809 661 952 712 Abraham:

67 725 133 772 ciem
142 731 219 773 terrae.
527 731 551 773 et
560 725 693 787 juramenti
703 726 741 774 sui
752 726 784 774 ad
795 726 866 774 Isaac
878 744 885 775 ε

101 789 142 838 Sit
159 788 239 852 gloria
261 789 364 837 Domini
379 789 405 836 in
422 805 496 838 saecu-
561 790 594 838 Et
621 790 706 838 statuit
735 789 797 838 illud
814 791 901 902 pacob
928 791 954 839 in

66 854 120 902 lum
143 869 150 903 z
172 853 296 902 laetabitur
319 853 444 902 Dominus
471 855 497 903 in
527 861 678 917 praeceptum
693 860 735 903 :et
752 855 819 903 israe
844 855 954 904 intesta-

65 916 184 982 operibus
194 917 244 966 suis
255 935 262 966 ε
526 926 646 966 memtum
657 926 781 969 aeternum.

101 981 152 1044 Qui
168 982 267 1046 respicit
283 987 381 1041 terrm,
398 988 422 1030 et
439 982 496 1031 facit
559 983 659 1041 Dicens,
687 982 746 1031 Tibi
772 983 838 1032 dabo
864 991 954 1033 terram

65 1062 124 1095 eam
140 1053 243 1095 tremere
258 1047 318 1110 :qui
331 1050 410 1109 tangit
426 1063 495 1095 mon·
527 1046 648 1096 Chanaan
662 1046 815 1096 :funiculum
825 1047 953 1097 haeredita-

65 1119 112 1169 tes,
126 1110 290 1174 etfumigant.
527 1112 558 1160 tis
568 1120 662 1160 vestrae.

100 1175 496 1224 CantaboDominoinvitamea:
560 1175 625 1224 Cum
649 1182 730 1224 essent
745 1191 847 1225 numero
863 1177 950 1226 brevi:

65 1238 236 1304 psallamDeo
243 1255 299 1288 meo
306 1240 424 1303 quamdiu
431 1255 492 1288 sum.
527 1240 675 1303 paucissimi,
689 1248 714 1288 et
724 1240 811 1289 incolae
822 1240 882 1303 ejus.

97 1303 240 1368 Jucundum
267 1304 299 1353 sit
321 1304 343 1352 ei
371 1304 495 1368 eloquium
559 1305 593 1353 Et
614 1304 806 1368 pertransierunt
827 1306 859 1354 de
880 1313 954 1369 gente

64 1383 152 1418 meum
166 1383 231 1432 :ego
241 1384 299 1417 vero
312 1369 454 1418 delectabor
470 1369 496 1417 in
526 1369 553 1417 in
574 1375 673 1431 gentem
698 1386 705 1417 z
727 1375 753 1417 et
771 1369 803 1418 de
824 1385 901 1432 regno
921 1371 953 1418 ad

65 1431 187 1481 Domino.
525 1434 646 1497 populum
657 1432 768 1482 alterum.

101 1495 226 1546 Deficiant
233 1504 374 1560 peccatores
390 1512 405 1545 a
421 1504 493 1557 terra,
559 1498 619 1546 Non
626 1497 725 1572 reliquit
732 1497 954 1548 hominemnocere

65 1568 92 1610 et
103 1560 183 1626 iniqui
193 1562 229 1609 ita
239 1569 267 1609 ut
282 1576 333 1610 non
341 1561 389 1610 sint
404 1578 410 1610 :
421 1563 495 1611 bene·
527 1561 562 1610 eis
577 1580 583 1610 ι
594 1568 619 1610 et
629 1562 746 1626 compuit
756 1578 803 1627 pro
812 1565 847 1612 eis
858 1579 933 1626 reges.

64 1627 115 1685 dic,
129 1626 213 1674 anima
221 1641 284 1684 mea,
299 1625 417 1675 Domino.
559 1626 750 1690 Nolitetangere
756 1627 860 1676 christos
866 1643 953 1676 meos:

527 1699 551 1803 pit
562 1691 588 1739 in
598 1690 725 1766 prophetis
736 1691 798 1740 meis
814 1692 891 1740 nolite
902 1709 953 1740 ma-

579 1771 621 1804 an.

86 1802 156 1850 DIES
171 1803 244 1851 XXI·
282 1802 321 1856 un
334 1802 492 1862 fflatutluus-
545 1771 593 1868 gdt
603 1818 700 1868 vocavit
716 1819 807 1868 samem
823 1835 896 1884 super
907 1827 954 1868 ter-

526 1899 579 1931 ram
602 1901 608 1932 :
631 1890 655 1932 et
677 1899 751 1932 omne
772 1883 954 1933 firmamentum

181 1947 310 1995 PSALMUS
323 1947 376 1996 CV.
526 1948 597 2012 panis
604 1947 724 1997 contrivit.

559 2012 629 2061 Misit
656 2019 713 2060 ante
735 2027 777 2060 eos
798 2013 878 2061 virum
904 2014 954 2062 :in

127 2074 351 2124 ONFITEMINI
375 2075 492 2136 Domino,
526 2092 624 2125 servum
658 2077 811 2125 venundatus
843 2084 880 2126 est
911 2078 955 2141 Jo-

159 2146 184 2188 et
192 2139 305 2188 invocate
313 2140 415 2189 Nomen
423 2140 496 2203 ejus:
526 2141 594 2204 sepln

67 2204 213 2253 annuntiate
234 2204 298 2253 inter
319 2211 405 2267 gentes
422 2221 497 2268 opera
560 2205 761 2253 Humiliaverunt
782 2205 809 2253 in
830 2205 955 2269 compedi-

67 2269 127 2333 ejus.
527 2270 574 2318 bus
592 2268 668 2344 pedes
693 2269 752 2332 ejus,
783 2269 873 2318 sermm
900 2286 955 2334 per·

99 2333 206 2382 cantate
232 2332 256 2381 ei
277 2339 302 2381 et
323 2333 421 2396 psallite
443 2333 465 2382 ei
491 2352 497 2382 ε
527 2334 624 2382 trausnt
642 2333 750 2382 animam
769 2333 822 2397 ejus
847 2352 854 2383 ε
875 2334 956 2384 donec

67 2403 165 2446 narrate
184 2397 268 2445 omnia
289 2397 412 2446 mirabilia
428 2397 497 2460 ejus;
527 2398 621 2447 veniret
632 2398 734 2446 verbum
746 2398 804 2462 ejus

67 2461 204 2510 laudamini
226 2461 252 2509 in
274 2461 384 2510 Nomine
407 2471 496 2520 *sancto
559 2462 693 2527 Eloquium
705 2463 808 2511 Domini
819 2462 955 2513 inflamma·

67 2526 126 2589 ejus.
527 2526 563 2575 vit
580 2543 636 2575 eum
653 2539 659 2570 τ
679 2526 746 2576 misit
762 2543 811 2588 rex,
837 2535 861 2575 et
883 2527 955 2576 solvit

99 2591 210 2640 Laetetur
252 2605 295 2639 cor
335 2591 496 2655 quaereutium
528 2607 601 2650 eum;
624 2591 738 2655 princeps
754 2590 911 2655 populorum,
931 2601 961 2641 et

68 2655 224 2714 Dominum3
240 2654 342 2718 quaerite
349 2655 493 2716 Dominum,
527 2655 621 2704 dimisit
631 2671 694 2704 eum.

68 2727 92 2768 et
115 2717 296 2768 confirmamini
321 2719 439 2783 :quaerite
460 2719 496 2768 sa·
561 2720 695 2769 Constituit
733 2735 789 2767 eum
827 2719 955 2768 dominum

68 2785 132 2833 ciem
143 2782 196 2846 ejus
206 2798 309 2847 semper.
528 2785 616 2833 domus
643 2799 693 2832 suae
729 2801 735 2832 ε
768 2790 793 2832 et
819 2784 956 2849 principem

100 2847 255 2897 Mementote
271 2847 420 2897 mirabilium
434 2848 501 2912 ejus·
529 2848 609 2898 omnis
619 2846 779 2912 possessionis
790 2863 847 2896 suae.

68 2927 123 2977 quae
149 2911 207 2961 fecit
232 2928 239 2960 ε
260 2911 374 2977 prodigia
392 2912 445 2976 ejus
472 2921 496 2962 et
562 2913 599 2962 Ut
625 2911 731 2960 erudiret
758 2912 880 2976 principes
904 2912 955 2976 ejus

67 2976 161 3039 judicia
171 2976 221 3025 oris
230 2974 288 3037 ejus.
528 2977 591 3026 sicut
618 2974 776 3038 semetipsum
803 2987 810 3020 τ
840 2983 865 3025 et
886 2993 955 3027 senes

101 3041 194 3092 Semeu
205 3039 334 3089 Abraham
350 3041 413 3090 servi
425 3041 476 3105 ejus
491 3059 497 3094 :
530 3041 582 3104 ejus
590 3039 745 3104 prudentiam
756 3040 861 3090 doceret.

69 3105 114 3155 tilii
125 3105 203 3216 Japob
215 3104 287 3154 electi
298 3104 355 3168 ejus
563 3105 597 3154 Et
610 3103 711 3154 intrauit
726 3104 805 3154 istaut
819 3106 853 3154 in
869 3106 965 3167 idm·

134 3181 149 3216 2
170 3179 182 3216 ζ
