2092 3450
73 191 263 242 triennum
459 189 568 256 iterim.
827 199 949 261 Λάγῳ.

68 342 141 384 tuum
152 340 178 384 et
189 333 282 384 exitum
295 339 386 383 tuum:
403 348 432 382 ex
448 332 497 381 hoc
528 330 643 380 miserere
659 329 736 378 nostri
751 346 758 378 r
774 327 833 394 quia
848 327 953 378 multum

68 415 146 458 nunc,
160 406 185 448 et
196 399 311 463 usquein
322 397 445 448 seculum
528 394 616 460 repleti
626 409 710 444 snmus
721 393 880 457 despectione
892 411 899 444 z

562 459 629 522 Quia
653 458 760 507 multum
792 458 886 521 repleta
917 464 954 507 est

194 546 197 550 ·
530 523 613 572 anima
655 529 747 582 nostra,
793 522 953 586 opprobrium

159 587 288 636 Psnunns
300 585 411 636 CXXII.
530 587 712 638 abundantibus
743 604 749 636 :
777 593 802 635 et
828 586 954 651 despectio

121 685 499 750 AETATUSsuminhis,quae
529 653 648 717 ΨΜ·

174 752 241 828 dicta
252 751 380 827 suntmihi
396 768 402 800 :
416 751 441 799 in
455 750 499 798 do·

71 832 144 866 mum
155 816 366 865 D⁰¹²¹¹¹¹¹¹b¹m¹¹⁵·
470 877 476 889 .
612 840 741 888 Psnnuus
754 838 876 889 CXXIV.

106 881 208 931 Stantes
223 886 293 930 erant
308 879 386 944 pedes
401 885 478 928 nostrl
493 896 499 926 r

71 945 180 994 inatriis
190 944 239 994 tuis
250 943 414 993 Hierusalem·
594 947 643 998 ISI
660 948 718 1011 quia
729 944 854 995 Dominus
865 950 916 993 erat
928 945 954 993 in

108 1008 266 1058 Hierusalem
287 1023 344 1073 quae
365 1005 500 1057 aedificatur
622 1009 954 1071 nobis,dicatnuncIsra'e‘l:

72 1080 103 1123 nt
121 1073 208 1122 civitas
230 1089 237 1122 r
255 1072 324 1136 cujus
343 1071 499 1136 participatio
531 1076 579 1125 nisi
595 1077 655 1141 quia
666 1077 790 1125 Dominus
800 1080 853 1124 erat
868 1073 895 1121 in
911 1088 954 1122 no·

73 1137 303 1202 ejusinidipsum:
531 1141 589 1189 bis:

107 1201 172 1251 Illuc
189 1201 255 1250 enim
277 1199 438 1250 ascenderunt
458 1199 500 1248 tri·
564 1205 629 1254 Cum
656 1209 812 1268 exsurgerent
842 1202 956 1251 homines

72 1265 129 1326 bus,
143 1265 222 1315 tribus
240 1265 342 1314 Domini
364 1282 370 1313 =
389 1264 498 1312 tesrtrno-
531 1268 557 1316 in
568 1285 614 1318 nos
629 1269 709 1319 :forte
716 1269 785 1317 vivos
796 1267 955 1330 deglutissent

73 1330 147 1380 nium
169 1329 246 1380 Isra‘el
272 1329 305 1378 ad
332 1328 500 1378 confitendum
531 1349 596 1383 nos:

74 1394 181 1444 Nemini
192 1394 303 1444 Domini.
564 1397 630 1446 Cum
640 1397 783 1446 irasceretur
793 1395 860 1445 suror
871 1410 956 1444 eorum

109 1459 176 1522 Quia
191 1458 243 1508 illic
254 1458 369 1508 sedenmt
385 1457 455 1506 sedes
474 1456 500 1504 in
530 1462 555 1511 in
573 1477 619 1511 nos
642 1480 648 1510 =
668 1461 770 1510 forsitan
788 1475 853 1525 aqua
870 1460 953 1508 absor-

75 1522 168 1573 ‘udicio
191 1523 287 1572 :sedes
305 1537 378 1587 super
399 1522 501 1570 domum
531 1527 686 1576 buissetnos.

117 1587 168 1637 vid·
564 1591 709 1639 Torrentem
747 1588 883 1638 ertransivit
904 1587 955 1636 ani·

108 1653 208 1716 Rogate
221 1667 277 1716 quae
293 1651 326 1700 ad
342 1665 429 1715 pacem
445 1656 501 1698 sunt
530 1671 572 1703 ma
587 1663 672 1704 nostra
695 1673 702 1704 r
730 1655 822 1703 orsitan
844 1659 954 1716 pertran-

75 1715 235 1766 Hierusalem
250 1733 256 1765 r
268 1722 292 1765 et
302 1715 454 1765 abundantia
465 1714 501 1766 di·
531 1720 601 1768 sisset
616 1720 699 1768 anima
713 1726 798 1777 nostra
813 1732 903 1781 aquam
919 1716 956 1764 in·

74 1781 209 1845 ligentibus
220 1788 252 1829 te.
533 1784 694 1833 tolerabilem.

110 1846 168 1894 Fiat
183 1860 233 1909 pax
247 1845 274 1894 in
290 1844 380 1893 virtute
396 1852 438 1893 tua
454 1863 460 1894 :
477 1851 501 1893 et
565 1847 712 1897 Benedictus
719 1846 849 1905 Dominus,
857 1844 899 1910 qui
906 1860 957 1893 non

74 1909 231 1960 abundantia
240 1909 266 1958 in
277 1909 384 1958 turribus
394 1909 449 1958 tuis.
532 1912 601 1961 dedit
612 1927 658 1961 nos
672 1930 678 1962 ε
690 1913 716 1960 in
727 1912 867 1975 captionem
878 1910 957 1959 denti·

110 1974 216 2038 Propter
223 1973 382 2022 iratresmeos
389 1979 413 2022 et
421 1973 502 2038 proxi·
533 1977 579 2026 bus
591 1992 683 2027 eorum.

74 2053 132 2088 mos
142 2053 212 2087 meos
226 2037 363 2102 :loquebar
373 2053 460 2102 pacem
471 2038 502 2086 de
566 2041 660 2090 Anima
680 2047 764 2089 nostra
785 2039 848 2088 sicut
874 2054 958 2103 passer

74 2111 121 2153 te:
534 2112 618 2169 erepta
634 2113 671 2155 est
691 2123 698 2154 r
714 2106 746 2154 de
762 2104 851 2169 laqueo
867 2119 957 2152 venan-

110 2167 216 2230 Propter
225 2167 328 2216 domum
338 2167 442 2216 Domini
454 2166 502 2215 Dei
533 2170 595 2218 tium
608 2188 614 2220 :

73 2231 157 2281 nostri
171 2231 430 2295 :quresivibonatibi
566 2235 681 2298 Laqueus
703 2233 821 2282 contritus
843 2238 879 2281 est
905 2250 911 2281 ι
934 2238 958 2280 et

534 2314 580 2348 nos
590 2298 687 2348 liberati
698 2313 788 2347 sumus.

567 2363 726 2426 Adjutorium
736 2369 848 2411 nostrum
864 2360 890 2410 in
904 2360 958 2409 No·

155 2419 284 2468 PSALMUS
297 2419 424 2469 CXXIII·
534 2427 601 2476 mine
612 2427 716 2477 Domini
730 2427 791 2492 :qui
799 2426 857 2475 fecit
868 2425 958 2474 coelum

125 2524 152 2573 D
174 2530 199 2573 te
216 2523 296 2574 levavi
312 2524 397 2574 oculos
413 2539 503 2574 meos:
534 2500 558 2540 ‘t
570 2498 667 2542 terram·

176 2588 450 2654 quihabitasincoelis.
878 2615 881 2620 -

111 2653 178 2703 Ecce
195 2656 258 2703 sicut
274 2653 340 2703 oculi
357 2668 481 2703 servorum
497 2671 503 2702 r
622 2681 750 2729 Psmws
763 2677 863 2728 CXXV

75 2722 104 2767 in
126 2718 242 2767 manibus
267 2718 425 2767 dominorum
447 2733 503 2766 suo·
864 2714 870 2727 '

75 2797 133 2832 rum
146 2799 153 2831 r
607 2781 647 2831 UI
662 2779 789 2829 confidunt
800 2779 826 2826 in
838 2778 956 2837 Domino,

112 2846 183 2896 Sicut
195 2847 260 2896 oculi
271 2845 366 2896 ancillae
382 2846 409 2894 in
425 2845 503 2894 mani·
638 2845 701 2894 sicut
716 2859 788 2892 mons
805 2842 866 2892 Sion
887 2861 893 2891 r
909 2859 959 2892 non

75 2912 125 2960 bus
142 2910 252 2960 dominae
274 2926 324 2960 suae
349 2928 355 2960 ε
383 2911 418 2959 ita
439 2910 504 2959 oculi
640 2907 836 2957 commovebitur
849 2910 875 2955 in
891 2914 960 2957 oeter·

76 2974 199 3024 nostriad
211 2975 348 3024 Dominum
357 2975 440 3024 Deum
448 2990 504 3023 nos·
536 2989 596 3022 num
604 2973 648 3037 qui
655 2972 749 3021 habitat
756 2972 783 3019 in
792 2971 956 3022 Hierusalem.

75 3048 152 3098 trum,
166 3040 246 3089 donec
255 3040 399 3088 misereatur
408 3039 492 3089 nostri.
569 3037 670 3087 Montes
689 3037 715 3085 in
735 3036 837 3085 circuitu
856 3035 915 3100 ejus,
935 3046 959 3085 et

111 3105 231 3154 Miserere
263 3104 348 3165 nostri,
385 3103 501 3162 Domine,
537 3101 660 3151 Dominus
668 3099 971 3167 incircuitupopuixsuus

144 3180 193 3232 303
