2092 3450
303 185 375 244 &tun
392 186 543 254 ernustum
559 185 739 248 lusitanum.

110 336 145 384 Et
156 351 222 384 nunc
233 351 288 400 quae
304 343 340 384 est
357 336 507 400 exspectatio
537 335 668 384 militatem
682 352 689 384 r
703 341 727 383 et
743 334 834 394 dixisti,
854 334 963 384 Conver-

74 401 155 448 mea?
170 415 254 449 nonne
265 401 395 460 Dominus,
409 408 435 450 et
449 401 506 451 sub·
538 400 618 448 timiui
629 399 674 448 filii
684 399 820 453 hominum.

74 465 169 513 stantia
179 480 236 513 mea
247 465 313 528 apud
324 471 349 514 te
362 473 405 514 est.
570 464 696 526 Quoniam
722 463 792 513 mille
818 462 877 511 anni
906 470 964 512 ante

111 529 155 577 Ab
189 529 303 578 omnibus
336 530 506 594 iniquitatibus
537 529 622 578 oculos
644 536 704 577 tuos
727 545 734 576 ε
756 534 884 591 tamquam
910 529 963 576 dies

76 593 140 642 meis
168 608 225 642 erue
252 609 293 642 me
316 611 323 642 z
345 595 505 658 opprobrium
536 593 657 652 hesterna,
672 593 863 656 quaepraeteriit,

76 657 205 720 insipienti
216 658 305 706 dedisti
316 674 362 707 me.
449 695 451 700 ,
569 658 602 706 Et
621 657 733 706 custodia
754 657 781 705 in
801 664 875 706 nocte
889 671 962 720 :quae

111 722 240 780 Obmutui‚
260 729 285 770 et
304 738 355 771 non
373 722 458 786 aperui
477 738 505 772 os
535 737 581 785 pro
589 721 802 781 nihilohabentur,
812 736 897 770 eorum
904 721 963 769 anni

76 801 170 845 meum,
200 787 317 850 qnoniam
347 794 373 835 tu
400 787 505 838 fecisti:
536 794 613 835 erunt.

77 866 167 903 amove
178 866 193 898 a
203 866 244 899 me
255 851 341 914 plagas
352 859 412 900 tuas.
568 851 645 899 Mane
666 851 729 898 sicut
748 850 825 898 herba
844 857 959 908 trauseat,

110 916 135 962 A
163 914 307 964 fortitudine
337 931 425 965 manus
456 923 504 965 tuae
535 930 608 963 mane
624 915 711 963 floreat
727 922 752 963 et
767 921 875 963 transeat
889 933 895 963 ε
909 930 962 962 ves·

76 994 124 1041 ego
135 978 215 1028 defeci
230 980 273 1028 :in
286 980 501 1044 increpationibus,
534 994 593 1042 pere
609 980 715 1039 decidat,
734 980 838 1038 induret,
857 985 882 1027 et
897 994 961 1027 ares·

76 1049 179 1107 propter
195 1043 351 1108 iniquitatem
367 1045 504 1109 corripuisti
535 1051 581 1092 cat.

75 1107 212 1156 hominem.
335 1107 338 1112 ’
568 1108 634 1169 Quia
650 1107 784 1156 defecimus
803 1108 829 1155 iu
845 1107 881 1155 ira
897 1114 960 1155 tua:

109 1172 144 1220 Et
174 1172 298 1222 tabescere
330 1173 408 1222 fecisti
441 1174 504 1222 sicut
535 1179 559 1220 et
570 1172 597 1220 in
607 1172 688 1221 furore
699 1181 742 1221 tuo
755 1172 845 1220 turbati
857 1187 947 1220 sumus.

76 1251 193 1284 araneam
204 1237 313 1285 animam
325 1237 504 1299 ejusrverum-
568 1237 674 1285 Posuisti
700 1237 842 1300 iniquitates
866 1242 961 1284 nostras

75 1308 161 1348 tamen
171 1316 234 1350 vane
250 1302 409 1350 conturbatur
423 1303 504 1351 omnis
534 1301 561 1349 in
588 1309 720 1365 conspectu
748 1309 790 1349 tuo
816 1318 823 1348 ε
844 1299 962 1348 saeculum

75 1365 161 1413 homo.
534 1372 645 1413 nostrum
664 1366 691 1413 in
712 1364 891 1413 illuminatione
907 1365 960 1414 vul·

108 1429 443 1490 Exaudiorationemmeam,
451 1432 503 1480 Do·
535 1437 573 1477 tus
584 1431 627 1478 tui.
925 1472 929 1483 ,

73 1493 151 1552 mine,
179 1501 203 1542 et
230 1495 429 1558 deprecationem
453 1511 503 1544 me·
567 1494 692 1555 Quoniam
711 1509 797 1542 omnes
815 1493 867 1542 dies
883 1493 960 1541 nostri

73 1573 117 1605 am
132 1559 249 1607 :auribus
265 1559 365 1622 percipe
383 1560 503 1623 lacrymas
533 1558 674 1606 defecerunt
689 1567 732 1607 :et
748 1559 774 1606 in
790 1558 826 1606 ira
841 1565 883 1606 tua
894 1557 959 1606 defe-

74 1637 152 1670 meas.
534 1637 618 1671 cimus.
912 1649 913 1653 =

107 1686 248 1748 Nesileas,
271 1689 388 1800 {uoniam
407 1689 503 1738 advena
566 1687 635 1735 Anni
667 1687 744 1736 nostri
776 1687 839 1734 sicut
871 1701 960 1734 aranea

73 1765 122 1813 ego
147 1766 203 1799 sum
224 1767 274 1819 epu
313 1760 363 1800 te:
386 1760 411 1802 et
434 1769 502 1817 pere·
532 1752 717 1800 meditabuntur
738 1768 744 1800 ι
765 1751 817 1799 dies
839 1766 959 1798 annorum

74 1814 169 1890 grinus,
203 1815 266 1864 sicut
301 1832 387 1866 omnes
421 1827 503 1881 patres
532 1823 679 1890 nostrorum,
693 1815 790 1879 inipsis
805 1815 960 1879 septuaginta

72 1894 131 1927 mer.
532 1895 597 1929 anm.

108 1943 218 1992 Remitte
239 1945 308 2005 mihi,
327 1954 356 1994 ut
376 1945 502 2010 refrigerer
566 1944 593 1994 si
608 1951 691 1992 autem
703 1945 728 1992 in
740 1943 908 2007 potentatibus
919 1959 959 1991 oc·

72 2007 142 2070 prius
154 2022 229 2071 qnam
241 2010 328 2058 abeam
343 2027 349 2058 r
361 2017 386 2058 et
397 2011 502 2075 amplius
533 2009 628 2071 toginta
637 2009 695 2056 anni
708 2017 747 2056 :et
758 2007 864 2071 amplius
875 2023 959 2056 eorum

71 2087 125 2120 non
136 2087 191 2121 ero..
532 2073 603 2121 labor
614 2080 638 2121 et
649 2072 726 2121 dolor.

106 2135 196 2184 Gloria
217 2136 291 2195 Patri,
317 2146 341 2187 et
364 2139 429 2188 Filio
450 2158 456 2188 z
478 2146 503 2189 et
565 2137 691 2199 Quoniam
699 2136 839 2200 supervenit
847 2151 958 2185 mansue-

72 2200 179 2264 Spiritui
191 2200 283 2250 Sancto
294 2220 301 2260 3
532 2201 593 2250 tudo
608 2208 650 2250 :et
661 2202 826 2265 corripiemur.

107 2264 178 2314 Sicut
203 2273 255 2314 erat
276 2267 302 2315 in
324 2267 453 2332 principio,
479 2275 503 2317 et
566 2265 628 2328 Quis
648 2266 719 2314 novit
744 2271 892 2329 potestatem
916 2265 959 2314 irae

70 2344 146 2386 nunc,
161 2335 186 2378 et
201 2339 355 2394 semperzet
371 2332 397 2380 in
413 2333 504 2381 saecula
532 2336 582 2379 tuae
597 2349 603 2378 ι
620 2336 645 2378 et
661 2346 712 2393 prae
729 2331 817 2378 timore
836 2339 879 2378 tuo
897 2329 959 2378 iram

70 2393 227 2442 saeculorum.
264 2396 354 2444 Amen
532 2400 601 2443 tuam
612 2395 785 2443 dinumerare?

565 2459 699 2508 Dexteram
727 2466 796 2506 tuam
817 2459 852 2507 sic
874 2465 959 2506 notam

533 2523 571 2571 fac
591 2541 597 2571 z
614 2530 639 2571 et
658 2523 766 2572 eruditos
788 2523 862 2571 corde
879 2522 906 2570 in
922 2537 958 2570 sa·

532 2588 632 2651 pientia.

139 2644 268 2706 OMINE,
287 2648 408 2712 refugium
425 2649 502 2700 factus
565 2651 722 2712 Convertere,
737 2651 854 2708 Domine,
872 2666 959 2714 usque-

72 2775 78 2784 *
171 2725 198 2760 es
214 2711 287 2760 nobis
301 2715 502 2775 :ageneratione
532 2730 582 2779 quo
597 2724 640 2765 :et
650 2715 812 2780 deprecabilis
823 2722 876 2763 esto
887 2723 977 2778 snper'

71 2789 98 2822 m
109 2775 302 2836 generationem,
533 2795 615 2829 servos
626 2787 687 2829 tuos.

106 2838 253 2903 Priusquam
280 2847 377 2890 montes
404 2841 498 2903 fierent,
567 2844 666 2908 Repleti
682 2859 766 2892 sumus
782 2840 959 2891 manemiseri-

72 2908 116 2951 aut
132 2903 278 2953 formaretur
292 2912 356 2953 terra
372 2913 397 2955 et
413 2908 479 2956 orbis
494 2925 500 2956 ε
533 2909 618 2957 cordia
630 2915 672 2956 tua
687 2914 729 2956 :et
739 2906 920 2964 exsultavimus,
932 2916 957 2957 et

73 2982 89 3015 a
100 2967 190 3016 saeculo
207 2975 232 3017 et
247 2984 325 3033 usque
342 2970 368 3018 in
383 2970 500 3020 saeculum
533 2972 648 3021 delectati
658 2986 741 3020 sumus
750 2971 864 3020 omnibus
872 2971 959 3019 diebus

73 3032 226 3082 tuesDeus,
533 3037 628 3086 nostris.

106 3095 148 3145 Ne
158 3104 254 3147 avertas
270 3097 397 3148 hominem
412 3100 440 3148 in
455 3101 501 3149 hu·
565 3099 655 3150 Loetati
680 3115 765 3150 sumus
790 3115 838 3165 pro
862 3099 965 3156 diebus,

139 3173 188 3222 203

209 2545 322 2596 Psalmus
333 2564 369 2597 xc.
