2040 3458
318 149 390 206 sitris
407 150 521 205 Semnus
539 150 722 217 prostituaris.

66 292 493 370 mimaGalilmpostbaptismum
523 294 604 344 vicem
615 295 777 356 ambrdantes,
791 303 816 346 et
828 297 886 348 estis
896 298 951 348 tris·

68 358 131 422 qood
146 359 297 423 pradicant
314 359 432 422 Joannes,
450 359 493 422 Je-
524 362 580 409 tes?
611 361 644 409 Et
658 362 809 424 respondens
825 378 896 422 unus,
912 363 952 413 cui

67 423 494 488 surnaNazareth2quomodounxit
524 440 616 474 nomen
635 424 768 500 Cleophas,
789 427 851 475 dixit
866 427 907 476 ei:
924 435 952 476 tu

10 490 12 501 '
68 502 120 536 orm
138 487 213 537 Dens
231 488 328 552 Spiritu
346 487 446 545 Sancto,
468 494 494 537 et
523 489 591 538 solus
607 504 751 553 peregrinus
770 506 796 540 es
812 491 838 539 in
854 491 952 555 Jerusa-

68 551 159 610 rirtnte,
183 551 231 617 qui
252 552 392 616 pertransiit
419 552 494 601 bene·
525 552 581 613 lem,
596 553 818 618 etnoncognovisti
827 555 952 619 quaefacta

68 615 178 666 faciendo
188 624 215 665 et
226 616 338 665 sanando
351 631 438 665 omnes
449 631 494 680 op·
524 624 581 666 suut
592 617 618 666 in
629 618 672 666 illa
682 618 721 667 his
732 619 839 668 diebus?
855 619 952 682 Quibus

68 681 295 744 pressosadiabolo,
303 681 420 744 quoniam
425 681 495 729 Deus
524 680 658 730 illedixit:
675 683 757 745 Quae?
772 684 806 732 Et
818 683 932 733 dixerunt
944 701 951 733 a

68 752 115 794 nat
131 760 192 794 cnm
210 745 263 794 illo.
307 745 340 793 Et
357 760 403 794 nos
420 750 495 794 testes
526 745 566 794 De
575 746 634 809 Jesu
646 747 784 808 Nazareno,
797 751 841 812 qui
856 748 902 797 suit
914 749 952 797 vir

68 824 147 860 sumus
166 809 283 859 omnium
307 825 363 873 quae
385 809 444 858 fecit
468 809 495 858 in
526 809 658 874 Propheta,
681 819 770 875 potens
787 812 814 861 in
834 827 908 876 opere
926 819 951 861 et

67 875 164 938 regione
189 874 344 937 Judaeorum,
374 881 399 923 et
423 874 495 938 Jeru·
524 889 637 924 sermone
660 890 743 924 coram
760 875 816 925 Deo
838 884 863 926 et
883 877 951 926 omni

67 939 147 1000 salem,
173 953 250 1004 quem
271 939 422 997 occiderunt,
443 953 494 987 sus-
525 953 559 1002 po
577 939 638 988 ulo:
655 940 688 988 Et
699 940 825 1005 quomodo
837 957 894 989 eum
902 948 951 990 tra·

67 1003 202 1066 pendentes
210 1002 320 1066 inligno.
341 1002 419 1051 Hunc
426 1002 495 1051 Deus
524 1003 551 1052 di
570 1010 640 1052 emnt
658 1005 748 1054 summi
768 1005 907 1054 sacerdotes
926 1013 951 1054 et

67 1067 191 1116 suscitavit
210 1067 284 1116 tertia
304 1067 352 1125 die,
379 1074 404 1116 et
425 1067 495 1115 dedit
524 1067 648 1132 principes
669 1070 746 1119 nostri
767 1068 794 1118 in
813 1069 950 1119 damnatio·

67 1130 495 1190 commanifestumfieri‚nouomni
524 1147 582 1180 nem
608 1132 702 1193 mortis,
732 1141 756 1183 et
780 1133 950 1182 crucifixerunt

66 1195 494 1271 popnlmsedtestibuspraeordina-
525 1211 603 1258 eum3
626 1213 671 1246 nos
689 1205 772 1247 autem
791 1199 950 1261 sperabamus

67 1260 494 1325 tisaDeo,nobis,qu1manduoa·
525 1263 583 1324 quia
609 1261 662 1326 ipse
689 1270 752 1312 esset
780 1262 950 1326 redempturus

66 1325 143 1376 vimus
151 1332 178 1375 et
185 1325 296 1375 bibimus
303 1325 414 1384 cumillo,
426 1330 494 1388 post·
525 1325 601 1374 Israel
614 1343 620 1374 ε
637 1333 661 1375 et
672 1342 738 1376 nunc
749 1326 886 1390 superhaec
898 1342 950 1376 om·

65 1405 139 1454 quam
149 1388 423 1439 resurrexitamortuis.
460 1389 494 1437 Et
524 1389 573 1448 nia,
587 1389 659 1438 tertia
673 1391 726 1440 dies
741 1397 778 1441 est
793 1391 868 1439 hodie
883 1391 950 1455 quod

65 1455 182 1520 praecepit
201 1453 275 1503 nobis
293 1454 427 1517 praedicare
448 1468 493 1516 po·
523 1453 578 1502 haec
596 1453 661 1503 facta
679 1461 743 1505 sunt.
780 1454 831 1504 Sed
853 1461 877 1504 et
897 1471 950 1503 mu·

65 1519 131 1582 pulo,
145 1526 172 1568 et
179 1517 314 1578 testificari,
325 1518 384 1582 quia
392 1517 445 1581 ipse
457 1523 493 1565 est
524 1517 595 1567 lieres
606 1520 721 1583 quaedam
732 1535 762 1569 ex
773 1519 863 1568 nostris
874 1526 949 1568 terru-

65 1584 105 1648 qui
116 1583 267 1633 oonstitutus
275 1581 494 1645 estaDeoJudex
523 1588 594 1631 emnt
621 1599 674 1642 nos,
698 1600 755 1648 quae
781 1591 838 1632 ante
869 1583 950 1632 lucem

64 1649 178 1697 vivorum
189 1654 215 1697 et
227 1654 387 1696 mortuorum.
425 1645 495 1694 Huic
523 1646 621 1696 fuerunt
643 1648 675 1696 ad
697 1655 892 1708 monumentum,
915 1655 947 1707 et,

64 1727 151 1761 omnes
172 1711 302 1776 prophetae
325 1709 494 1760 testimonium
525 1726 575 1760 non
586 1711 687 1762 invento
695 1727 797 1776 corpore
806 1712 866 1775 ejus,
877 1728 949 1762 vene-

64 1777 205 1840 perhibent,
222 1775 393 1825 remissionem
407 1789 494 1839 pecca·
525 1782 590 1835 runt,
612 1776 723 1826 dicentes
740 1792 767 1826 se
782 1776 857 1825 etiam
876 1777 949 1825 visio·

64 1847 146 1890 torum
157 1841 270 1905 accipere
285 1856 330 1904 per
340 1855 431 1889 nomeu
442 1837 494 1902 ejus
524 1856 583 1888 nem
594 1842 738 1904 angelorum
749 1841 846 1901 vidisse,
858 1841 901 1904 qui
912 1841 949 1889 di-

64 1921 151 1955 omnes
161 1905 206 1970 qui
216 1904 431 1955 creduntineum.
524 1911 582 1955 cunt
592 1920 648 1954 eum
664 1906 751 1954 vivere.
788 1906 822 1954 Et
838 1905 950 1954 abierunt

524 1969 949 2033 quidamexnostrisadmonumen·

189 2037 363 2105 finangpltnm,
523 2040 597 2109 tum:
622 2034 700 2110 etita
721 2034 866 2110 invenerunt
888 2034 950 2083 sicut

154 2136 180 2186 s·
195 2135 344 2186 aaa·
362 2150 398 2201 a

133 2225 157 2274 T
176 2241 233 2275 ecoe
249 2225 300 2274 duo
320 2241 351 2275 ex
366 2226 494 2291 discipulis
524 2227 556 2276 ad
568 2243 627 2276 eos:
644 2227 755 2288 Ostulti‚
767 2235 791 2277 et
803 2227 866 2276 tardi
875 2228 950 2277 corde

149 2290 201 2339 suis
210 2290 281 2339 ibant
291 2290 346 2354 ipsa
355 2291 396 2341 die
404 2291 431 2340 in
442 2307 493 2341 cas-
523 2292 555 2339 ad
565 2291 714 2341 credendum
725 2292 751 2340 in
768 2292 882 2341 omnibus
894 2307 950 2356 quae

63 2353 160 2414 tellum,
174 2354 241 2419 quod
253 2355 493 2420 eratinspatiosta·
523 2355 600 2405 locuti
610 2363 667 2405 sunt
678 2357 823 2420 prophetae!
856 2355 949 2405 Nonne

64 2419 164 2468 diorum
172 2418 299 2482 sexaginta
306 2420 490 2533 abpemsalm
523 2419 578 2470 haec
594 2421 703 2485 oportuit
712 2421 764 2485 pati
777 2421 909 2481 Christum,
924 2427 949 2469 et

64 2483 167 2533 nomine
180 2483 306 2533 Emmaus
367 2485 440 2549 tipsi
456 2484 493 2534 lo·
522 2484 558 2533 ita
579 2485 670 2534 intrare
691 2485 717 2534 in
738 2484 842 2548 gloriam
861 2486 950 2534 suam?

64 2547 205 2612 quebantur
222 2547 256 2596 ad
274 2548 380 2598 invicem
399 2550 431 2599 de
453 2549 493 2599 his
524 2549 557 2598 Et
568 2549 819 2613 incipiensaMoyse,
834 2556 858 2598 et
870 2548 948 2597 omni·

64 2612 181 2661 omnibus
199 2627 256 2676 quae
271 2613 417 2663 acciderant.
459 2613 492 2663 Et
522 2613 569 2663 bus
590 2614 725 2678 prophetis,
744 2613 950 2677 interpretabatur

63 2676 158 2726 factum
175 2683 221 2736 est,
239 2677 299 2726 dum
314 2677 488 2738 fabularentur,
522 2678 571 2727 illis
583 2678 609 2727 in
623 2680 738 2728 omnibus
752 2677 877 2741 scripturis
891 2691 947 2739 quae

64 2748 89 2790 et
115 2756 201 2790 secum
223 2750 367 2805 quaererent,
391 2749 415 2791 et
438 2743 492 2806 ipse
522 2743 554 2792 de
571 2743 626 2807 ipso
644 2751 719 2792 erant.
763 2743 797 2790 Et
814 2739 947 2804 appropin-

62 2805 136 2868 Jesus
150 2805 353 2870 appropinquans
367 2806 420 2856 ibat
434 2822 491 2856 cum
521 2814 657 2871 quaverunt
677 2805 777 2856 castello
792 2820 842 2868 quo
860 2804 949 2852 ibant:

65 2869 133 2919 illis:
149 2871 310 2919 oculiautem
318 2871 416 2920 illorum
423 2878 491 2920 tene·
521 2878 547 2919 et
568 2871 622 2936 ipse
643 2887 670 2920 se
691 2869 761 2918 finxit
780 2868 878 2932 longius
901 2866 944 2914 ire.

64 2934 157 2982 bantur
180 2950 214 2983 ne
237 2949 295 2983 eum
319 2942 487 2998 agnoscerent.
522 2935 555 2984 Et
573 2941 704 2998 coegenrnt
722 2933 799 2993 illum,
819 2933 949 2982 dicentesa

65 2998 99 3047 Et
117 2998 154 3047 ait
175 2999 209 3048 ad
227 2999 305 3048 illos=
325 2999 375 3061 Qui
392 3006 449 3048 sunt
463 2999 491 3048 hi
522 2999 598 3048 Mane
609 2999 745 3055 nobiseum,
766 2997 885 3072 quoniam
904 2960 992 3041 ad]

63 3077 198 3184 semppes,
211 3078 275 3128 quos
283 3063 397 3113 confertis
409 3064 442 3113 ad
452 3064 489 3112 in·
521 3063 676 3127 vesperascit.
689 3069 713 3112 et
725 3062 842 3112 inclinata
852 3059 916 3123 satit
