2092 3450
356 150 476 218 iliturgia
487 152 631 209 scottum.

53 301 171 339 manum
211 287 338 357 imponat
382 291 485 359 cuique
514 292 689 346 sanctificare
731 291 862 361 digneris,
902 303 933 347 ut

53 357 124 423 vasi,
134 357 194 411 sive
205 359 285 412 calici
296 361 355 413 sive
365 362 485 430 lagenae,
514 361 582 415 fiant
613 365 721 431 Corpus
751 371 780 416 et
814 364 933 432 Sanguis

54 443 111 496 quo
129 428 197 482 insit
209 431 266 483 vini
285 431 400 501 aliquod
419 451 484 487 con·
514 432 687 486 dilectissimi
701 432 763 485 Filii
775 433 823 487 tui.

53 499 187 552 sectandi
196 499 213 568 :)
245 500 301 556 Hic
330 511 374 556 est
405 502 482 556 enim
517 503 759 628 INTENTIUS
783 503 868 555 etiam
888 520 932 556 ro·

57 568 179 640 Sanguis
191 587 279 639 meus,
293 572 368 624 Novi
382 572 480 626 Testa·
583 589 683 639 gamus
696 581 843 640 paternam
856 583 932 626 tuam

56 641 153 708 menti,
165 641 212 711 qui
225 658 275 710 pro
289 641 376 707 vobis,
390 651 417 695 et
429 659 480 711 pro
513 640 667 695 bonitatem
688 653 719 695 ut
735 642 789 695 hoc
807 653 933 696 nostrum

56 710 161 778 multis,
173 711 324 765 effunditur
341 711 370 765 in
384 713 480 765 remis·
513 710 604 765 laudis
628 721 656 765 et
676 711 828 780 gratiarum
849 714 932 765 sacri·

56 779 165 833 sionem
189 790 386 850 peccatorum:
415 783 479 835 Hoc
514 780 607 834 ficium
637 782 774 849 benignus
801 780 932 850 accipias,

55 849 148 917 facite,
178 851 407 920 quotiescumque
440 852 481 905 bi·
513 850 666 904 humillime
691 851 878 920 supplicantes
902 863 932 906 ut

55 918 139 987 betis,
157 918 186 972 in
204 936 297 974 meam
311 937 480 975 commemo·
513 931 625 1000 propter
644 922 746 975 Merita
764 931 792 974 et
811 922 932 975 Mortem

54 989 201 1044 rationem
514 989 577 1042 Filii
601 991 656 1043 Tui
678 992 746 1059 Jesu
772 990 884 1058 Christi,
904 1004 931 1045 et

512 1060 658 1128 perfidem
676 1061 705 1113 in
724 1060 867 1129 Sanguine
887 1063 931 1130 lp-

131 1129 218 1181 NDE
233 1138 262 1182 et
279 1129 407 1195 humiles
421 1131 479 1184 Do·
512 1130 578 1194 sius,
606 1140 634 1183 et
664 1147 715 1183 nos
745 1139 774 1184 et
802 1131 931 1184 universa

162 1199 245 1265 mine,
256 1200 338 1252 Pater
347 1200 478 1267 coelestis,
512 1200 641 1253 Ecclesia
664 1201 727 1253 Tua
752 1211 931 1269 peccatorum

79 1317 118 1358 BL
246 1285 298 1322 nos
328 1269 368 1322 tui
397 1270 478 1336 servi,
512 1270 706 1322 remissionem
717 1280 745 1323 et
758 1282 859 1323 caetera
872 1288 930 1323 om·

55 1317 76 1360 ⁰
119 1317 202 1361 mo·
246 1339 400 1392 secundum
436 1339 478 1393 in·
510 1339 786 1408 niaPassionisEjus
795 1340 930 1394 beneficia

56 1408 230 1463 stitutionem
242 1409 336 1462 dilecti
356 1409 419 1462 Filii
437 1409 478 1462 tui
510 1425 722 1477 consequamur.

57 1478 211 1532 Salvatoris
266 1479 355 1532 nostri
410 1480 478 1547 Jesu
577 1480 602 1530 T
626 1479 672 1532 hic
699 1478 773 1546 Tibi,
798 1479 928 1547 Domine,

57 1548 170 1614 Christi,
194 1547 241 1602 hic
266 1565 359 1601 coram
383 1548 478 1602 divina
618 1548 760 1602 humiliter
789 1549 929 1603 offerimus

57 1619 207 1687 Majestate
228 1629 286 1685 tua,
303 1618 339 1671 de
360 1618 404 1671 his
422 1618 477 1672 tuis
509 1626 537 1671 et
554 1618 717 1671 exhibemus
735 1619 929 1688 nosmetipsos,

56 1688 162 1742 sanctis
174 1687 256 1741 donis
271 1704 304 1741 ac
323 1687 396 1740 datis
415 1704 478 1756 quae
510 1688 619 1741 animas
639 1698 667 1741 et
688 1705 805 1756 corpora
825 1700 929 1754 nostra,

56 1773 131 1810 nunc
142 1757 282 1810 offerimus
291 1757 365 1821 Tibi,
373 1774 477 1811 memo·
510 1756 575 1810 Tibi
586 1758 708 1810 hostiam
725 1758 929 1825 rationabilem,

57 1827 127 1879 riam
137 1827 310 1881 celebramus
320 1836 347 1879 et
359 1827 477 1880 facimus
510 1839 645 1894 sanctam,
661 1837 689 1881 et
706 1827 863 1890 viventem
887 1831 929 1882 Te
954 1828 958 1836 ⁴

56 1913 142 1966 quam
175 1896 257 1949 nobis
291 1896 378 1949 Filius
414 1908 478 1950 tuus
509 1908 647 1964 rogantes,
658 1908 688 1949 ut
700 1907 836 1967 quotquot
848 1898 929 1967 hujus

56 1966 148 2020 iacere
165 1966 316 2035 praecepit:
339 1983 477 2019 memores
510 1983 598 2020 sacrae
630 1967 840 2020 communionis
867 1984 929 2036 par-

56 2035 183 2104 ejusdem
207 2045 266 2088 tam
295 2035 386 2089 beatae
411 2036 478 2088 Pas·
509 2036 609 2104 ticipes
620 2036 704 2090 futuri
717 2037 772 2090 sint
789 2037 929 2105 pretiosis-

57 2104 144 2159 sionis
164 2114 193 2158 et
213 2105 343 2174 pretiosae
368 2105 478 2172 Mortis,
510 2105 612 2158 simum
634 2107 742 2174 Corpus
762 2117 790 2160 et
812 2107 929 2175 Sangui-

56 2190 167 2228 necnon
180 2185 207 2229 et
219 2175 256 2227 ab
269 2175 363 2228 inieris
377 2176 478 2228 Resur·
510 2191 575 2227 nem
588 2175 651 2229 Filii
669 2177 723 2228 Tui
741 2177 807 2244 Jesu
826 2177 930 2229 Christi

56 2244 196 2309 rectionis,
217 2244 268 2297 sed
291 2253 320 2297 et
341 2245 370 2297 in
391 2245 478 2298 coelos
510 2245 595 2312 digne
623 2245 772 2314 accipiant,
796 2256 824 2299 et
853 2248 930 2299 omni

56 2314 186 2382 gloriosae
198 2313 394 2378 Ascensionis3
413 2314 478 2367 Tibi
510 2314 706 2368 benedictione
716 2315 824 2368 coelesti
833 2326 861 2369 et
869 2333 929 2383 gra-

56 2384 162 2451 gratias
186 2399 219 2436 ex
244 2383 339 2436 animo
363 2393 478 2451 agentes
510 2384 550 2436 tia
562 2394 610 2437 tua
622 2385 787 2453 repleantur,
800 2393 828 2438 et
844 2402 930 2438 unum

57 2451 477 2522 propterinnumerabiliabene-
510 2453 758 2522 fiantcorpuscum
767 2455 931 2523 Eo‚utlpse

57 2521 122 2576 ticia
133 2522 215 2576 nobis
228 2523 293 2575 inde
305 2523 416 2577 collata.
510 2523 539 2576 in
552 2523 592 2576 eis
604 2524 720 2586 habitet,
732 2533 760 2576 et
772 2524 798 2576 ei
813 2523 842 2576 in
857 2525 929 2592 Ipso.

112 2591 303 2646 UPPLlCES
329 2594 370 2645 Te
398 2608 478 2659 roga·
576 2593 931 2662 Tquamvisproptermul·

141 2661 379 2729 mus,misericors
388 2662 478 2728 Pater,
600 2663 706 2731 tiplicia
713 2675 829 2730 peccata
837 2672 932 2716 nostra

250 2731 350 2784 exaudi
366 2748 427 2794 nos,
440 2740 477 2797 et,
510 2748 568 2785 non
584 2732 663 2799 digni
681 2733 768 2785 simus
780 2732 827 2800 qui
846 2733 932 2785 ullum

61 2780 301 2870 INVOCATIO'pro
320 2801 383 2854 Tua
397 2800 477 2854 boni·
511 2801 678 2854 sacrificium
696 2802 760 2853 Tibi
776 2801 932 2865 offeramus,

57 2879 115 2923 tate
127 2869 327 2938 omnipotente,
339 2871 400 2924 haec
415 2871 479 2924 Tua
510 2871 584 2923 hanc
602 2880 696 2923 tamen
714 2870 838 2924 debitam
856 2873 932 2925 obla-

57 2955 174 2992 munera
188 2950 217 2992 et
234 2951 375 2994 creaturas
393 2940 478 2993 Panis
510 2940 616 2993 tionem
645 2940 785 2994 servitutis
822 2950 932 3004 nostrae,

58 3019 86 3061 et
98 3008 164 3062 Vini
185 3008 289 3062 Sancto
307 3020 356 3061 tuo
375 3009 480 3078 Spiritu
512 3026 569 3062 non
590 3010 744 3063 aestimator
766 3009 860 3064 meriti
883 3011 934 3064 sed

58 3087 86 3144 et
122 3077 216 3132 Verbo
251 3078 418 3133 benedicere
452 3089 482 3134 et
512 3079 613 3148 veniae,
631 3096 800 3149 quaesumus,
819 3081 934 3147 largitor

122 3158 170 3209 397
