2092 3450
248 159 379 217 doninica
396 163 497 219 bocina
516 166 599 223 b'nttc
616 174 674 235 nost
693 170 848 228 uicinitatem.

265 387 396 447 bonitate
405 385 506 443 lucrina
517 380 603 439 untia
613 384 671 450 post
681 381 838 439 tiridaten.

270 509 368 564 &tutia
567 509 627 558 titia
665 509 715 559 Sed
734 509 854 560 conclusit
874 511 996 574 scriptura

181 605 536 733 Mllsslllinaei:
568 575 998 701 blastemandum

112 755 170 787 nere
187 738 254 786 venit
276 741 303 786 ut
324 735 403 784 tibia
423 733 536 783 fidelibus
568 703 730 752 credennbus'

111 804 159 851 tuis
177 803 252 866 digne
271 807 295 850 et
314 799 471 848 laudabiliter
487 813 535 847 ser·

110 868 208 915 viatur:
230 865 323 914 Tribue
341 865 420 922 nobis,
440 878 535 927 quaesu-
692 859 864 930 fibutttttlt'ttttt.

110 947 173 989 mus,
187 931 222 979 ita
239 930 285 978 tibi
304 929 331 977 in
349 929 396 977 hac
406 927 457 975 vita
477 925 535 975 fide·
675 956 693 1007 s
717 957 740 1005 L

110 995 167 1042 liter
188 995 285 1053 servire,
310 1000 337 1042 nt
364 993 397 1040 ad
425 990 535 1040 coelestes
696 994 701 1006 '
740 973 826 1008 um·
841 969 881 1021 ²3·

110 1059 285 1122 promissiones
306 1065 361 1106 tuas
380 1057 433 1104 sine
460 1055 533 1104 offen·
626 1070 712 1119 ΕΑΤῙ
724 1071 790 1119 oculi
797 1071 931 1135 quivident
940 1087 996 1136 quae

110 1123 179 1174 sione
188 1123 364 1189 perveniamus
396 1120 536 1184 perJesum
657 1150 702 1183 vos
714 1135 810 1184 videtis.
851 1135 917 1184 Dico
928 1137 995 1184 enim

111 1189 237 1238 Christum
259 1187 396 1237 Dominum
415 1191 532 1234 nm
566 1197 645 1259 vobis,
660 1199 726 1263 qnod
740 1199 812 1248 multi
829 1200 958 1264 prophetae
970 1208 996 1249 et

110 1256 134 1302 Α
138 1270 198 1302 mm·
566 1279 635 1328 reges
646 1263 776 1314 voluerunt
787 1263 870 1313 videre
883 1279 940 1329 quae
950 1280 995 1314 vos

568 1329 664 1389 videtis,
688 1335 713 1377 et
734 1344 786 1378 non
807 1329 943 1389 viderunt;
970 1338 995 1378 et

257 1383 381 1449 finiatula.
567 1393 652 1467 audire
678 1408 734 1456 quae
761 1392 859 1452 auditis,
891 1399 994 1468 etmon

215 1493 325 1542 ucat
391 1491 427 1541 1⁶-
566 1457 995 1584 larentiniana

175 1585 312 1634 BRAHAE
327 1584 400 1633 dictae
411 1589 468 1632 sunt
479 1598 534 1646 pro·
566 1585 644 1644 illum,
678 1592 702 1634 et
730 1585 830 1634 dicens:
864 1585 992 1648 Magister,

190 1650 326 1708 missiones,
338 1656 363 1697 et
374 1648 461 1696 semini
473 1647 531 1711 ejus.
566 1649 626 1712 quid
644 1649 757 1698 faciendo
778 1651 855 1698 vitam
876 1659 995 1698 aeternam

110 1714 170 1763 Non
178 1715 252 1762 dicit:
269 1714 303 1763 Et
314 1712 455 1770 seminibus,
466 1711 535 1775 quasi
566 1714 717 1776 possidebo?
757 1716 793 1763 At
813 1715 855 1762 ille
878 1715 940 1762 dixit
962 1716 994 1763 ad

108 1779 135 1826 in
157 1778 258 1827 multis:
275 1778 317 1826 sed
335 1777 404 1841 quasi
422 1777 448 1824 in
467 1791 534 1823 uno:
567 1793 640 1826 eum:
667 1778 699 1826 In
721 1777 776 1840 lege
796 1778 855 1840 quid
876 1779 994 1841 scriptum

110 1843 143 1890 Et
155 1843 242 1891 semini
254 1850 304 1900 tuo,
315 1843 356 1905 qui
364 1848 400 1890 est
413 1841 530 1889 christus.
566 1844 618 1890 est?
644 1843 770 1905 quomodo
788 1840 869 1904 legis?
893 1842 940 1891 Ille
957 1859 994 1891 re·

110 1907 170 1955 Hoc
189 1914 271 1955 autem
282 1907 346 1965 dico,
361 1912 535 1954 testamentum
566 1906 690 1969 spondens
701 1906 780 1954 dixit:
798 1906 894 1968 Diliges
907 1907 994 1954 Domi·

109 1970 306 2019 confirmatuma
322 1971 395 2018 Deo:
412 1985 467 2032 quae
478 1976 535 2032 post
565 1986 624 2017 num
638 1969 719 2018 Deum
731 1976 800 2017 tuum
812 1986 842 2018 ex
853 1977 907 2018 toto
919 1972 994 2019 corde

108 2036 300 2098 quadringentos
322 2041 346 2083 et
368 2034 468 2096 triginta
491 2049 534 2080 an·
566 2041 616 2093 tuo,
628 2040 652 2082 et
664 2050 694 2081 ex
705 2040 757 2082 tota
769 2034 851 2082 anima
862 2040 913 2094 tua,
928 2044 952 2083 et
964 2052 995 2083 ex

108 2115 154 2147 nos
173 2100 238 2147 sacta
255 2099 349 2157 estlex,
369 2114 421 2146 non
439 2097 534 2145 irritum
566 2098 680 2146 omnibus
708 2098 800 2146 viribus
825 2098 881 2157 tuis,
912 2107 937 2147 et
964 2115 996 2148 ex

108 2163 166 2212 facit
189 2164 221 2211 ad
243 2163 409 2212 evacuandam
430 2160 533 2225 promis·
566 2163 633 2210 omni
649 2169 731 2210 mente
743 2170 799 2210 tua:
816 2169 841 2211 et
852 2164 994 2226 proximum

108 2228 210 2276 sionem.
247 2228 315 2274 Nam
326 2227 346 2275 si
355 2243 385 2274 ex
393 2227 448 2288 lege
456 2226 532 2273 haere-
565 2227 708 2274 tuumsicut
723 2226 835 2289 teipsum.
873 2227 995 2292 Dixitque

108 2292 179 2349 ditas,
192 2292 244 2354 jam
255 2307 305 2339 non
318 2307 347 2339 ex
361 2290 528 2353 promissione.
564 2290 619 2338 illi:
647 2291 725 2339 Recte
752 2307 790 2339 res
809 2291 918 2340 ondisti:
945 2293 995 2340 hoc

108 2356 217 2404 Abrahae
238 2364 321 2404 autem
340 2371 384 2419 per
403 2355 532 2418 repromis-
564 2354 610 2412 fac,
630 2361 654 2403 et
673 2354 747 2403 vives.
785 2306 832 2402 file
849 2363 932 2404 autem
950 2372 995 2404 vo·

107 2421 202 2468 sionem
223 2420 323 2468 donavit
342 2420 416 2466 Deus.
465 2418 532 2479 Quid
563 2418 616 2467 lens
631 2419 764 2481 justificare
786 2420 902 2482 seipsum,
930 2421 994 2468 dixit

107 2485 181 2546 igitur
191 2485 249 2532 lex?
281 2485 385 2546 Propter
400 2490 532 2544 transgres·
564 2483 596 2530 ad
613 2483 717 2547 Jesum:
743 2483 775 2530 Et
794 2484 848 2547 quis
867 2492 904 2532 est
923 2501 994 2533 meus

107 2550 187 2597 siones
199 2549 279 2612 posita
290 2556 333 2604 est,
349 2549 428 2595 donec
438 2547 532 2595 veniret
563 2547 708 2611 proximus?
749 2547 892 2610 Suscipiens
909 2558 994 2597 autem

107 2629 197 2670 semen,
209 2614 247 2661 cui
257 2612 408 2676 promiserat,
420 2612 533 2658 ordinata
561 2613 633 2674 Jesus
660 2611 741 2660 dixit:
776 2612 863 2660 Homo
891 2614 994 2675 quidam

106 2694 151 2740 per
173 2677 273 2740 angelos
294 2677 320 2724 in
342 2691 417 2723 manu
440 2676 531 2723 media·
563 2676 727 2724 descendebat
750 2676 781 2723 ab
802 2676 941 2739 Jerusalem
966 2678 993 2725 in

106 2745 172 2790 toris.
218 2741 343 2789 Mediator
360 2747 442 2788 autem
459 2740 531 2788 unius
561 2740 668 2803 Jericho,
683 2747 706 2788 et
723 2739 809 2788 incidit
826 2740 853 2787 in
872 2740 989 2802 latrones,

105 2822 157 2854 non
184 2813 238 2855 est:
267 2806 335 2854 Deus
360 2812 441 2853 autern
469 2820 531 2852 unus
562 2804 605 2867 qui
616 2805 689 2852 etiarn
701 2804 901 2867 despoliaverunt
917 2820 993 2854 eum:

106 2878 149 2919 est.
194 2871 246 2919 Lex
266 2886 324 2934 ergo
341 2869 457 2918 adversus
474 2884 530 2931 pro·
562 2877 587 2917 et
613 2868 692 2932 plagis
718 2868 840 2932 impositis
867 2869 989 2928 abierunt,

105 2936 179 2982 missa
192 2935 260 2983 Dei?
302 2934 381 2982 Absit.
419 2933 530 2983 sienim
561 2933 680 2981 semivivo
699 2933 793 2981 relicto.
830 2932 932 2982 Accidit
948 2950 992 2982 au-

104 3000 162 3046 data
174 3007 236 3047 esset
252 2999 292 3047 lex
303 3014 358 3062 quae
375 3004 457 3061 posset
468 2997 529 3045 vivi·
562 3004 612 3045 tem
634 3004 661 3045 ut
683 2997 796 3045 sacerdos
819 2997 921 3060 quidam
948 2997 992 3046 de-

105 3062 184 3119 ficare,
200 3079 258 3174 tpere
277 3079 306 3111 ex
326 3063 380 3125 lege
400 3068 462 3110 esset
478 3061 528 3124 jus·
562 3061 688 3110 scenderet
706 3061 793 3110 eadem
812 3061 869 3110 via:
892 3068 917 3110 et
938 3063 994 3112 viso

168 3140 199 3174 ro
