2092 3450
61 157 121 203 Dies
132 156 197 204 ΧΗ.
446 153 553 218 {giulini-
814 159 860 204 Ad
873 158 938 220 Vesp.
986 224 989 228 ¹

57 307 224 359 laudabuntur
239 321 326 357 omues
343 307 385 373 qui
400 305 484 372 jurant

58 371 224 436 ineozquia
239 371 389 421 obstructum
405 379 485 422 estos
558 373 701 421 Diulel.
739 371 924 437 altilianum.

58 437 213 504 loquentium
224 435 315 502 iniqua

615 501 744 551 Psauuus
762 500 842 553 LXV.

150 629 278 681 Psmws
294 629 391 682 LXIV.
514 628 605 754 TE
617 629 689 678 decet
700 630 812 694 hymnus,
827 631 903 690 Deus,
917 631 943 680 in

614 693 701 745 Sion:
720 702 744 744 et
763 695 809 745 tibi
826 696 944 746 reddetur

129 758 258 819 XAUDI,
268 759 345 819 Deus,
352 759 488 809 orationem
518 762 604 807 votum
615 758 641 807 in
653 759 815 809 Hiemsalem.

161 839 243 872 meam
254 839 311 872 cum
319 825 438 888 deprecor
451 841 458 873 a
473 839 489 872 a
552 822 649 872 Exaudi
657 824 793 873 orationem
801 839 899 876 meam:
911 824 944 873 ad

61 889 151 938 timore
173 887 268 937 inimici
290 891 358 953 erlpe
379 889 488 937 animam
519 892 544 936 te
555 886 636 936 omnis
646 902 704 936 caro
714 889 802 938 veniet.

60 968 150 1002 mam.
551 950 636 1000 Verba
653 951 793 1017 iniquorum
809 951 944 1018 praevalue-

93 1015 226 1068 Protexisti
252 1032 294 1066 me
322 1033 338 1065 a
365 1023 487 1066 conventu
519 1021 575 1064 nunt
585 1024 765 1079 supernostet
776 1018 944 1081 impietatibus

60 1081 251 1145 malignantium
270 1098 277 1131 ε
297 1096 313 1130 a
331 1081 488 1130 multitudine
519 1079 607 1129 nostris
618 1087 645 1129 tu
656 1081 835 1145 propitiaberis

60 1146 217 1212 operantium
228 1145 389 1210 iniquitatem.
551 1144 650 1203 Beatus,
664 1160 737 1209 quem
754 1145 857 1210 elegisti,
871 1151 895 1195 et
906 1161 944 1194 as·

93 1209 162 1272 Quia
176 1217 322 1260 exacuerunt
335 1217 363 1259 ut
377 1209 486 1273 gladium
518 1208 643 1272 sumpsisti
658 1227 665 1258 a
680 1209 829 1260 inhabitabit
839 1211 866 1260 in
877 1211 945 1264 atriis

60 1273 158 1338 linguas
173 1289 230 1323 suas
248 1291 255 1323 z
275 1274 433 1323 intenderunt
449 1290 486 1323 ar·
518 1273 573 1321 tuis.

60 1353 119 1388 cum
134 1354 187 1388 rem
202 1353 320 1397 amaram,
334 1347 361 1387 ut
372 1339 487 1402 sagittent
552 1337 714 1402 Replebimur
727 1338 840 1388 inbonis
855 1339 944 1388 domus

59 1402 403 1453 inoccultisimmaculatum.
518 1409 567 1452 tuae
588 1420 595 1451 i
621 1410 732 1452 sanctum
760 1411 796 1453 est
823 1403 944 1468 templum

94 1467 186 1518 Subito
206 1467 358 1531 sagittabunt
377 1482 442 1526 eum,
464 1475 487 1516 et
518 1474 596 1525 tuum,
609 1467 892 1533 mirabileinaequitate.

60 1546 114 1581 non
124 1531 246 1581 timebunt
258 1549 265 1580 z
276 1532 433 1581 firmaverunt
440 1531 488 1581 sibi
552 1530 649 1581 Exaudi
668 1548 721 1592 nos,
741 1532 811 1581 Deus
832 1532 944 1582 salutaris

61 1611 201 1646 sermonem
212 1611 325 1660 nequam.
519 1603 602 1644 noster
621 1612 628 1646 z
649 1611 705 1661 spes
724 1598 835 1646 omnium
857 1596 944 1645 finium

94 1660 263 1710 Narraverunt
272 1667 300 1709 ut
311 1659 488 1710 absconderent
520 1669 597 1719 terrae,
611 1661 673 1709 etin
684 1662 754 1721 mari,
768 1662 849 1725 longe.

59 1724 164 1790 laqueos
175 1741 182 1774 a
193 1725 315 1785 dixerunt,
325 1725 388 1788 Quis
394 1725 488 1775 videbit
553 1725 697 1788 Praeparans
707 1734 804 1775 montes
819 1727 845 1774 in
856 1725 945 1775 virtute

61 1791 123 1840 eos?
519 1795 569 1847 tua,
595 1791 718 1838 accinctus
741 1791 853 1854 potentia
874 1807 881 1839 :
903 1791 946 1864 qui

95 1853 204 1903 Scuutati
234 1859 293 1903 sunt
321 1852 488 1918 iniquitates:
520 1854 651 1903 conturbas
678 1853 828 1918 profundum
854 1869 946 1914 mans;

61 1917 205 1968 defecerunt
234 1925 375 1973 sciutantes,
403 1918 488 1968 scruti·
520 1932 608 1967 sonum
619 1917 738 1967 fluctuum
750 1918 808 1982 ejus.

61 1983 113 2032 nio.
553 1982 729 2032 Turbabuntur
735 1992 828 2046 gentes,
840 1988 865 2033 et
874 1983 945 2032 time·

95 2045 207 2096 Accedet
217 2045 489 2096 homoadcoraltum:
520 2046 583 2096 bunt
602 2047 645 2110 qui
664 2046 776 2097 habitant
795 2048 913 2097 terminos
932 2063 946 2095 a

62 2117 88 2161 et
98 2110 247 2160 exaltabitur
257 2111 332 2160 Deus.
520 2111 596 2174 signis
613 2112 661 2161 tuis
676 2129 682 2160 :
699 2112 778 2162 exitus
794 2112 909 2161 matutini
922 2121 946 2160 et

96 2174 201 2240 Sagitta
230 2175 389 2240 parvulorum
419 2175 490 2224 tactae
520 2191 563 2224 ves
595 2191 622 2224 re
632 2176 773 2226 delectabis.

62 2245 122 2290 sunt
143 2239 223 2304 plagae
243 2255 354 2288 eorum:
378 2247 402 2288 et
423 2239 489 2289 infir·
579 2239 666 2289 isitasti
683 2248 772 2290 terram
786 2247 810 2290 et
821 2241 946 2290 inebriasti

62 2310 138 2354 matae
156 2311 214 2353 sunt
233 2311 318 2353 contra
337 2320 380 2353 eos
399 2303 490 2368 linguae
522 2318 577 2352 eam
591 2321 598 2354 ε
614 2304 783 2369 multiplicasti
798 2306 947 2371 locupletare

63 2383 156 2419 eorum
522 2383 583 2417 eam.

96 2431 245 2482 Conturbati
266 2439 324 2482 sunt
342 2448 429 2483 omnes
447 2433 490 2497 qui
555 2432 661 2483 Flumen
688 2434 737 2484 Dei
764 2435 886 2498 repletum
911 2439 947 2482 est

62 2496 183 2546 videbant
198 2512 241 2546 eos
256 2514 262 2546 ι
278 2504 303 2547 et
318 2497 400 2546 timuit
411 2497 491 2547 omnis
522 2497 613 2562 aquis:
629 2499 721 2563 parasti
738 2499 820 2548 cibum
832 2499 948 2556 illorum;

63 2561 149 2612 homo.
179 2567 181 2572 '
523 2563 640 2625 quoniam
672 2564 707 2612 ita
737 2571 774 2613 est
801 2562 948 2627 praeparatio

97 2624 132 2675 Et
171 2625 375 2676 aununtiaverunt
416 2641 492 2690 opera
523 2626 581 2691 ejus.

64 2689 115 2740 nei
135 2706 142 2740 ε
164 2697 189 2740 et
208 2690 274 2740 sacta
294 2691 347 2755 ejus
366 2691 491 2740 intellexe·
556 2691 634 2741 Rivos
641 2691 800 2755 ejusinebria,
810 2689 949 2753 multiplica

48 2760 128 2813 „ram
523 2757 648 2819 genimina
670 2757 722 2820 ejus
742 2775 748 2806 ε
771 2757 797 2805 in
818 2755 948 2804 stillicidiis

97 2817 234 2869 Iaetabitur
247 2819 328 2884 justus
341 2819 369 2869 in
381 2819 492 2870 Domino
524 2820 576 2884 ejus
587 2820 709 2870 laetabitur
719 2821 866 2884 germinans.

65 2883 492 2949 etsperabitiueozetlaudabun·
512 2927 514 2931 .
556 2885 691 2934 Benedices
711 2901 808 2934 coronae
827 2883 885 2933 anni
905 2883 948 2932 be·
1007 2884 1009 2888 '

65 2948 273 2999 turomnesrecti
284 2948 364 2999 corde.
523 2949 650 3012 nignitatis
669 2956 718 2998 tuae
738 2967 744 2998 ι
767 2957 791 2998 et
813 2949 894 3014 campi
912 2948 949 2997 tui

388 3013 389 3017 ’
524 3012 684 3078 replebuntur
693 3014 812 3064 ubertate.

559 3077 953 3145 Pinguesceutspeciosadesextix

133 3151 180 3206 ²55
