2092 3450
63 193 223 242 nsaw.
450 185 560 252 braim.
823 193 939 241 AdMat.

56 328 149 376 instrue
172 341 213 376 me
231 344 238 376 ε
258 333 283 376 et
305 326 437 377 exercebor
457 327 483 376 in
582 327 606 376 T
617 328 699 377 veniat
710 343 783 392 super
793 343 833 376 me
847 326 939 377 miseri·

55 390 211 441 mirabilibus
221 391 276 441 tuis.
514 330 581 506 ᾗ
616 392 701 441 cordia
727 399 777 451 tua,
808 391 939 441 Domine:

90 455 243 505 Dormitavit
259 453 343 504 anima
359 470 416 505 mea
432 471 484 520 prae
552 463 620 506 utare
641 471 712 506 suum
734 455 869 505 secundum
890 457 940 505 elo-

58 520 134 569 taedio
149 537 155 568 r
171 518 292 570 confirma
307 535 348 569 me
363 519 390 569 in
404 521 485 569 verbis
515 522 601 585 quium
612 528 689 569 tuum.

58 584 113 633 tuis.
549 585 582 634 Et
601 585 756 649 respondebo
773 585 940 649 exprobranti·

92 647 168 697 Viam
195 647 331 712 iniquitatis
358 663 447 698 amove
470 664 486 696 a
516 651 562 699 bus
570 649 762 698 mihiverbum:
779 649 837 713 quia
845 649 941 713 speravi

59 728 122 762 me:
140 721 165 761 et
183 713 216 762 de
234 713 289 777 lege
308 720 351 761 tua
371 713 486 762 miserere
516 715 543 762 in
554 714 706 762 sermonibus
718 713 772 762 tuis.

61 777 117 828 mei
550 779 584 826 Et
605 793 637 827 ne
658 778 753 827 auferas
772 778 804 826 de
825 794 868 827 ore
885 793 942 826 meo

93 840 169 890 Viam
179 841 287 891 veritatis
296 841 358 905 elegi
373 859 379 890 ε
394 841 488 905 judicia
517 843 619 892 verbum
630 843 739 891 veritatis
749 858 923 906 usquequaque
935 860 942 890 :

61 913 163 954 tuanon
174 921 229 955 sum
240 906 337 955 oblitus.
518 907 577 971 quia
595 907 622 955 in
634 906 733 970 judiciis
752 907 800 955 tuis
815 922 942 970 superspe-

94 970 197 1020 Adhaesi
209 970 354 1020 testimoniis
365 970 419 1029 tuis,
435 970 487 1019 Do·
518 971 576 1020 ravi

60 1034 129 1083 mine
143 1051 150 1083 r
165 1035 218 1084 noli
228 1050 269 1083 me
280 1034 435 1084 confundere.
551 1036 585 1084 Et
605 1035 742 1084 custodiam
769 1035 849 1098 legem
875 1044 942 1083 tuam

94 1098 170 1147 Viam
195 1099 367 1148 mandatorum
389 1107 487 1148 tuorum
517 1115 615 1164 semper
629 1118 636 1148 r
652 1100 678 1148 in
694 1099 810 1149 saeculum
826 1100 888 1149 etin
899 1115 942 1148 sae·

62 1163 157 1211 cucurri
179 1180 185 1212 =
209 1179 267 1212 cum
301 1163 410 1212 dilatasti
446 1179 488 1213 cor
518 1164 601 1214 culum
612 1163 702 1212 saeculi.

61 1242 152 1276 meum.
551 1229 586 1278 Et
602 1228 728 1277 ambulem
747 1227 773 1276 in
794 1227 943 1278 latitudine:

518 1293 577 1357 quia
587 1292 705 1340 mandata
716 1300 758 1341 tua
769 1292 895 1357 exquisivi.

551 1357 584 1405 Et
606 1356 724 1420 loquebar
745 1358 771 1405 in
799 1356 944 1405 testimoniis

59 1434 129 1481 Drns
141 1433 229 1484 XXV,
266 1433 479 1493 qnfflgtutfuag‚
517 1422 566 1470 tuis
585 1424 611 1469 in
634 1428 767 1484 conspectu
794 1436 901 1484 regum:
919 1431 943 1469 et

518 1501 569 1534 non
579 1485 753 1534 confundebar.

112 1547 214 1598 EGEM
244 1564 311 1614 pone
336 1549 405 1608 mihi,
436 1549 489 1598 Do·
552 1551 585 1598 Et
606 1550 745 1598 meditabar
769 1549 794 1598 in
822 1549 944 1598 mandatis

66 1554 125 1678 L
161 1613 237 1673 mine,
256 1614 322 1662 viam
336 1613 501 1680 justificatio-y
519 1617 567 1663 tuis
582 1632 588 1663 :
604 1629 660 1678 quae
670 1614 753 1662 dilexi

62 1684 232 1726 numtuarum
247 1695 254 1726 =
270 1678 489 1742 etexquirameam
552 1679 585 1727 Et
607 1679 687 1727 levavi
708 1693 796 1727 manus
817 1693 885 1727 meas
912 1678 943 1725 ad

62 1757 167 1805 semper.
519 1744 636 1791 mandata
657 1750 701 1791 tua
727 1758 782 1817 quae
807 1743 903 1791 dilexi:
920 1749 944 1790 et

97 1805 138 1854 Da
148 1805 210 1854 mihi
220 1805 379 1865 intellectum,
389 1813 413 1855 et
424 1821 489 1854 scru-
519 1807 649 1856 exercebar
679 1807 706 1855 in
729 1806 944 1870 justificationibus

62 1870 136 1918 tabor
157 1869 239 1933 legem
260 1876 350 1920 tuam:
366 1876 391 1919 et
410 1878 489 1919 custo·
520 1872 574 1920 tuis.

62 1934 132 1982 diam
143 1933 212 1983 illam
222 1935 249 1983 in
259 1941 313 1983 toto
322 1934 396 1984 corde
405 1949 468 1983 meo.

97 1997 186 2047 Deduc
202 2014 243 2047 me
258 1998 285 2047 in
295 1999 409 2048 semitam
419 2013 488 2046 man·

63 2063 179 2112 datorum
194 2069 313 2112 tuorum:
329 2063 388 2128 quia
409 2062 489 2126 ipsam

64 2127 139 2176 volui.
604 2122 708 2171 EMOR
736 2128 788 2171 esto
813 2121 882 2170 verbi
909 2122 945 2170 tui

96 2191 193 2240 Inclina
212 2206 355 2240 cormeum
374 2191 401 2240 in
422 2191 488 2240 testi·
635 2202 706 2235 servo
715 2193 758 2236 tuo
770 2204 777 2235 ε
788 2186 872 2251 inquo
883 2186 944 2234 mihi

63 2256 149 2305 monia
169 2263 232 2305 tua:
249 2263 274 2304 et
294 2271 346 2305 non
366 2256 394 2305 in
412 2256 490 2304 avan‘-
520 2267 590 2316 spem
601 2250 697 2300 dedisti.

63 2321 132 2369 tiam
553 2317 617 2364 Haec
639 2331 680 2364 me
701 2315 829 2364 consolata
855 2322 891 2364 est
918 2315 945 2363 in

97 2384 190 2433 Averte
209 2384 293 2433 oculos
311 2399 381 2433 meos
402 2399 435 2432 ne
452 2384 489 2432 vi·
519 2380 658 2429 humilitate
670 2395 743 2429 meae
754 2379 945 2444 quiaeloquium

63 2448 140 2498 deant
156 2449 289 2497 vanitatem
308 2466 315 2499 ε
336 2450 363 2497 in
384 2448 426 2497 via
447 2455 490 2496 tua
520 2452 590 2493 tuum
600 2443 732 2494 vivificavit
743 2459 789 2492 me.

62 2512 161 2562 vivifica
171 2529 218 2561 me.
553 2509 660 2572 Superbi
678 2509 762 2574 inique
781 2508 888 2572 agebant
904 2524 943 2555 us·

96 2577 184 2627 Statue
205 2592 276 2627 servo
298 2583 342 2626 tuo
363 2576 489 2641 eloquium
519 2589 617 2638 quequa
634 2589 665 2622 ue
679 2591 686 2621 :
702 2589 718 2621 a
733 2573 788 2635 lege
804 2579 886 2620 autem
903 2580 944 2620 tua

62 2649 134 2690 tuum
148 2658 155 2690 ε
171 2641 197 2689 in
208 2642 296 2690 timore
306 2648 356 2690 tuo.
440 2648 449 2658 ‘
519 2638 612 2687 nonde
637 2638 709 2686 'navi

95 2705 209 2770 Amputa
227 2705 388 2770 opprobrium
405 2721 489 2753 meum
551 2703 650 2751 Memor
670 2701 706 2750 fui
725 2699 873 2764 judiciorum
890 2707 943 2748 tuo·

61 2769 132 2834 quod
158 2769 294 2833 suspicatus
324 2785 381 2819 sum
401 2787 407 2818 ε
431 2770 489 2834 quia
519 2783 574 2815 rum
596 2781 612 2814 a
633 2765 730 2824 saeculo,
758 2765 867 2813 Domine
888 2783 895 2813 :
918 2774 943 2814 et

60 2833 155 2898 judicia
165 2842 208 2883 tua
216 2833 331 2898 jucunda
520 2830 658 2881 consolatus
669 2844 731 2878 sum.

96 2899 162 2948 Ecce
173 2897 489 2962 concupivimandatatuaz
551 2894 666 2943 Defectio
673 2893 750 2942 tenuit
758 2908 799 2943 mc
813 2911 820 2942 r
834 2908 881 2967 pro
888 2908 944 2957 pec·

63 2963 89 3013 in
101 2963 218 3028 aequitate
227 2970 271 3011 tua
281 2962 379 3012 vivifica
389 2977 436 3012 me.
522 2959 645 3008 catoribus
663 2957 887 3022 derelinquentibus
909 2958 944 3008 le·

522 3038 578 3086 gem
590 3029 665 3071 tuam.

555 3085 697 3136 Cantabiles
707 3085 768 3135 mihi
779 3092 849 3136 eraut
858 3084 943 3148 justifi-
