2092 3450
464 141 577 200 altana.

116 281 274 343 Terogamus
282 280 344 327 anati
354 295 404 340 nos,
417 281 481 329 Due.
572 280 660 344 Agnus
677 280 726 330 Der
743 297 749 330 z
765 279 808 344 qui
824 280 891 330 tonis
906 297 961 344 pec·

112 343 150 392 Ut
161 358 247 392 omnes
258 344 284 392 in
295 343 412 406 periculo,
423 360 505 393 neces·
539 351 594 393 cata
604 345 698 403 mundi,

78 408 159 467 sitate,
184 416 210 456 et
236 407 394 456 tribulatione
416 409 504 458 consti·
572 409 649 457 Dona
659 409 727 457 nobis
731 416 815 472 pacem
826 415 902 458 mam.

78 479 146 520 tutos
173 471 308 528 sublevare,
332 471 456 536 adjuvare,
482 481 506 521 et
571 473 659 536 Agnus
677 473 725 523 Dei
741 491 748 524 ε
763 474 806 538 qui
823 472 890 522 tollis
905 489 961 538 pec·

79 535 203 585 consolari
214 535 328 599 digneris,
538 538 698 598 catamundi,

115 601 273 663 Drogamus
282 599 345 648 audi
353 617 404 660 nos,
418 601 482 649 Due.
570 601 684 651 Miserere
693 601 765 650 nobb.

111 663 150 714 Ut
160 670 314 713 omnesterra
320 665 430 728 marique
437 681 505 728 pere·
572 665 678 725 Christe,
692 665 749 714 audi
760 681 813 714 nos.

77 727 211 790 grinantes‚
225 743 311 777 onmes
321 728 435 778 mulieres
451 744 504 793 par·
573 729 673 788 Chn'ste,
686 730 777 778 exaudi
786 746 834 778 nos.

78 792 204 852 turientes‚
218 807 304 841 omnes
318 799 464 856 aegrotantes
481 800 505 842 et
571 793 648 856 Kyrie
659 793 756 843 eleison,

78 855 196 920 parvulos
211 871 362 916 conservare,
382 863 407 905 et
426 858 505 906 omni·
569 858 749 920 Kyrieelenon.

77 922 125 969 bus
136 921 162 968 in
177 935 274 970 carcere
288 920 393 970 detentis
408 927 433 970 et
449 937 504 985 cap·
570 920 668 971 Christe
679 922 777 971 eleison.

78 984 136 1033 tivis
147 985 339 1033 misericordiam
347 992 415 1033 tuam
424 993 504 1034 osten·
573 986 764 1035 Chniteelerion.

78 1048 139 1098 dere
149 1049 265 1112 digneris,
570 1050 649 1113 Kyric
659 1050 757 1099 eleison

115 1114 273 1176 Drogamus
281 1113 345 1161 audi
353 1129 403 1173 nos,
417 1114 481 1163 Due.
569 1115 649 1176 Kyrie
656 1115 746 1164 eleison.

111 1177 149 1252 lit
164 1176 282 1251 orphanis
296 1183 321 1226 et
331 1177 419 1237 uiduis,
433 1178 503 1227 deso·

78 1241 183 1304 lausque
198 1241 313 1289 ombus
330 1248 353 1289 et
371 1257 501 1304 ⁰ppre⁵⁵¹⁵’
537 1279 767 1328 TumSncerrloset
777 1296 833 1327 eum
846 1296 960 1344 eopopu-

77 1305 194 1428 {³1th
228 1312 252 1353 et
289 1306 418 1369 ΡΓΟἮᾱθΓε
451 1306 504 1369 ‘hg'
569 1345 607 1392 lus
620 1345 704 1392 dicant
717 1345 864 1394 Orationem
872 1346 959 1395 Domi⁴

115 1434 149 1481 Te
157 1448 272 1496 rogamus
281 1433 344 1481 audi
352 1449 402 1493 aros,
415 1434 480 1483 Dne.
570 1425 660 1460 meam·

111 1497 148 1546 Ut
156 1497 271 1546 omnibus
281 1497 424 1546 hominibus
432 1498 503 1547 mise·
543 1495 697 1620 PATER
719 1503 808 1556 noster,
828 1497 870 1560 qui
890 1513 916 1545 es
934 1498 961 1545 in

78 1561 125 1610 reri
137 1561 252 1624 digneris,
605 1559 961 1620 coelisSanctificeturNomen

114 1627 271 1689 Drogamus
280 1626 343 1674 audi
352 1642 402 1685 nos,
416 1627 480 1675 Dm.
533 1629 610 1673 tuum.
649 1624 776 1673 Adveniat
797 1640 900 1688 regnum
923 1634 959 1673 tu·

110 1689 148 1740 Ut
164 1689 278 1750 inimicis,
298 1691 502 1753 persecutoribus,
533 1702 582 1736 um
619 1688 676 1737 Fiat
691 1688 805 1738 voluntas
821 1696 871 1747 tua,
891 1689 960 1738 Sicut

77 1760 102 1802 et
124 1753 330 1803 obtrectatoribus
351 1754 441 1803 nostris
468 1754 503 1817 ig·
533 1751 560 1799 in
579 1752 650 1811 coelo,
670 1760 694 1801 et
713 1753 738 1801 in
758 1760 829 1802 terra
866 1754 959 1801 Panem

77 1833 186 1878 noscere,
206 1825 232 1867 et
251 1833 336 1867 eorum
354 1818 429 1867 corda
446 1834 503 1867 con·
533 1823 645 1864 nostrum
675 1817 829 1866 uotidianum
842 1818 876 1866 da
887 1818 959 1866 nobis

77 1890 171 1931 vertere
182 1881 296 1946 digneris,
533 1878 615 1929 hodie.
652 1831 685 1930 iit
707 1881 803 1930 dimitte
825 1881 898 1931 nobis
917 1881 959 1930 de·

113 1948 147 1994 Te
156 1962 271 2010 rogamus
280 1946 403 2006 audinus,
415 1947 480 1995 Dne.
534 1943 587 1992 bita
597 1952 688 2002 nostra,
704 1945 773 1994 Sicut
785 1952 810 1994 et
820 1961 866 1994 nos
876 1946 958 1994 dimit-

110 2011 147 2060 Ut
158 2010 251 2060 fructus
262 2017 332 2060 terrae
343 2010 402 2058 dare
410 2018 434 2059 et
446 2026 504 2059 con·
534 2007 608 2057 timus
624 2009 775 2058 debitoribus
794 2009 889 2059 nostris.
926 2011 959 2060 Et

76 2090 173 2124 servare
199 2075 314 2138 digneris,
339 2080 367 2123 ut
394 2081 505 2138 tempore
533 2088 565 2121 ne
576 2088 622 2121 nos
632 2073 734 2122 inducas
745 2074 772 2122 in
783 2074 958 2124 tentationem:

32 2148 35 2152 ⁴
77 2139 382 2203 opportunoeisutamur‚
534 2136 585 2185 Sed
596 2136 673 2186 libera
681 2138 833 2187 nosamalo.
866 2139 954 2188 Amen.

114 2203 343 2266 Terogamusnudi
351 2218 402 2262 nos,
415 2204 479 2253 Dne.
565 2203 694 2253 Sacerdos.
718 2202 833 2261 Domine,
852 2218 904 2251 non
920 2219 956 2252 se·

109 2267 148 2318 Ut
157 2267 230 2316 nobis
237 2282 321 2316 veram
332 2267 503 2331 poenitentiam
534 2265 642 2314 cundum
661 2273 763 2329 peccata
782 2274 866 2315 nostra
883 2267 958 2316 facias

76 2331 228 2391 concedere;
244 2331 328 2380 omnia
338 2337 502 2394 peccatanos-
532 2329 611 2380 nobis.

76 2405 121 2455 tra,
132 2395 300 2459 negligentias,
310 2403 334 2444 et
343 2395 500 2459 ignorantias,
566 2399 640 2463 Resp.
662 2395 751 2458 Neque
762 2396 897 2444 secundum
912 2396 957 2444 ini·

76 2460 218 2508 condonare
227 2477 235 2519 ;
254 2466 278 2509 et
294 2460 399 2523 gratiam
416 2459 502 2510 Sancti
533 2458 637 2519 quitates
645 2466 741 2508 nostras
749 2458 869 2508 retribuas
876 2459 953 2508 nobis.

76 2524 184 2588 Spiritus
199 2523 328 2573 infundere
344 2524 458 2588 digneris,
474 2531 503 2573 ut
727 2540 729 2543 ’

75 2588 211 2637 secundum
249 2595 361 2637 sanctum
398 2588 502 2637 verbum
688 2603 799 2652 ΘΗΜ,

76 2664 145 2701 tuum
162 2653 240 2701 vitam
259 2660 368 2701 nostram
387 2653 500 2701 emende-

75 2731 138 2774 mur,
444 2733 447 2738 ·
599 2717 820 2776 EUS‚misericors
829 2717 955 2780 Pater‚qui

113 2781 269 2844 Terogamue
277 2781 341 2829 audi
349 2796 400 2839 nos,
413 2782 478 2830 Dm.
614 2781 774 2831 contritorum
793 2795 845 2829 non
852 2780 956 2844 despicis

107 2845 158 2894 Fili
172 2844 222 2894 Dei
241 2861 248 2895 t
264 2851 290 2894 te
306 2845 430 2908 rogamusg
442 2845 501 2894 audi
530 2845 657 2908 gemitum,
679 2853 703 2894 et
726 2844 883 2894 moerentium
904 2861 955 2894 non

75 2924 127 2958 nos
530 2909 625 2972 spernis
639 2909 771 2968 affectum
787 2907 882 2957 Adesto
898 2925 954 2973 pro-

106 2973 161 3022 Fili
174 2973 226 3022 Dei
241 2992 250 3023 :
267 2979 424 3037 derogamus,
440 2973 503 3021 aredi
530 2973 605 3048 pitius
613 2974 725 3036 precibus
733 2971 830 3031 nostris,
840 2988 900 3036 quas
909 2974 954 3023 tibi

76 3052 125 3086 nos.
529 3053 556 3085 in
572 3037 640 3086 omni
657 3036 814 3086 tribulatione
830 3043 920 3099 nostra,
933 3041 954 3087 si

139 3111 171 3161 23
