2092 3450
427 157 477 209 tito
495 155 654 215 ffiututiuus.

116 299 542 380 utmultipliciapeccatanostra
573 299 720 369 perierunt.
759 299 885 353 Inventis
894 309 922 354 et
934 317 1001 354 con-

115 380 143 422 et
155 370 332 439 iniquitatem
349 378 476 423 nostram
493 386 541 438 ag·
573 369 752 439 cupiscentiis
789 370 881 424 cordis
910 370 1000 424 nostri

114 455 265 492 noscamus
292 448 320 492 et
339 439 541 504 confiteamur;
572 439 691 493 nimium
700 439 874 494 indulsimus.
900 440 1000 493 Sacro·

114 525 167 561 nec
192 525 225 562 ea
249 509 278 561 in
308 518 461 578 conspectu
486 509 541 562 Dei
573 519 687 563 sanctas
707 509 782 577 leges
803 519 867 562 tuas
884 509 1000 562 violavi-

116 577 332 647 OmnipotentiS,
347 579 437 632 Patris
451 578 541 632 nostri
572 596 643 632 mus.
681 579 752 646 Quae
769 579 900 632 facienda
920 587 1000 632 erant

114 648 245 714 coelestis,
258 648 411 702 audeamus
429 648 541 701 dissim-
572 648 717 702 omisimus
731 667 737 703 :
751 649 790 702 Et
799 665 861 718 quae
869 648 1001 702 facienda

113 718 208 780 ulare3
228 717 278 770 sed
296 718 391 770 animo
409 717 540 786 demisso,
571 735 629 771 non
650 726 730 771 erant
750 717 935 783 admisimus3
961 719 1000 772 Et

113 786 219 853 humili,
244 787 372 854 contrito,
393 796 421 841 et
445 788 541 841 obedi·
572 788 601 841 in
628 788 710 841 nobis
740 788 817 840 nulla
846 797 889 841 est
912 787 997 840 salus.

114 857 170 909 enti
181 856 363 909 confiteamur
373 875 381 922 ;
393 866 540 926 quatenus,
571 858 616 910 Tu
624 866 725 924 autem,
732 857 862 924 Domine,
867 857 999 911 miserere

113 942 162 994 per
180 925 319 979 infinitam
336 926 492 980 bonitatem
513 936 541 980 et
571 927 668 991 nostri,
680 927 845 980 miserorum
856 935 999 996 peccator-

113 996 334 1049 misericordiam
358 995 426 1065 ejus,
450 996 540 1049 indul·
570 1013 626 1050 um.
664 998 759 1063 Parce,
779 997 866 1063 Deus,
882 1006 1000 1065 peccata

112 1065 235 1132 gentiam
254 1081 465 1135 consequamur.
503 1066 541 1120 Et
571 1065 776 1120 confitentibus.
826 1066 998 1120 Poenitentes

113 1151 274 1204 quanquam
287 1135 316 1187 in
329 1135 541 1204 omnitempore
570 1136 704 1201 restitue;
742 1136 904 1189 Secundum
935 1152 998 1204 pro-

112 1215 230 1273 peccata
246 1214 344 1258 nostra
362 1222 458 1258 coram
476 1206 539 1259 Deo
570 1206 718 1259 missiones
727 1213 790 1259 tuas
799 1205 923 1258 humano
931 1221 998 1273 gen·

112 1274 253 1327 humiliter
270 1275 452 1343 agnoscenda
466 1286 539 1343 sunt,
570 1276 608 1329 eri
622 1276 651 1328 in
667 1275 778 1329 Christo
789 1276 858 1343 Jesu
871 1275 996 1328 Domino

112 1353 179 1397 tunc
202 1352 298 1397 tamen
321 1345 461 1414 praecipue
484 1345 539 1398 hoc
570 1353 666 1399 nostro
681 1345 844 1398 declaratas.
882 1345 998 1413 Propter

112 1412 253 1480 agendum
271 1422 314 1467 est
335 1431 399 1466 cum
419 1414 449 1467 in
469 1415 539 1483 pub·
570 1431 653 1484 quem
683 1415 814 1482 concede,
840 1414 998 1467 clementis·

111 1483 196 1536 licum
206 1491 312 1537 coetum
319 1483 382 1536 ideo
392 1485 538 1537 convocati
570 1485 641 1537 sime
652 1485 735 1537 Pater
741 1503 749 1549 3
765 1484 805 1538 Ut
814 1483 933 1552 posthac
943 1483 997 1552 pie,

112 1569 216 1618 sumus,
229 1562 260 1605 ut
271 1569 322 1622 pro
332 1553 443 1622 magnis
455 1554 492 1606 ab
504 1570 538 1606 eo
565 1553 649 1622 juste,
685 1553 832 1622 sobrieque
860 1553 997 1621 vivamus,

112 1622 220 1675 collatis
233 1622 376 1676 beneficiis
385 1622 490 1690 gratias
497 1639 538 1677 re·
568 1622 615 1675 Ad
626 1622 743 1691 gloriam
756 1621 847 1677 sancti
864 1622 997 1692 Nominis

112 1691 241 1758 feramus,
254 1701 285 1744 ut
297 1693 356 1761 ejus
368 1692 466 1746 laudes
478 1693 538 1760 dig·
569 1692 631 1747 Tui.
668 1693 768 1746 Amen.

112 1778 163 1813 nas
172 1762 411 1828 annuntiemus,et
421 1762 538 1815 sanctis-

112 1831 213 1884 simum
232 1831 291 1899 ejus
303 1831 427 1885 Verbum
442 1831 537 1885 audia-

111 1917 182 1967 mus,
195 1910 222 1953 et
234 1910 265 1953 ut
283 1901 415 1970 quicquid
431 1901 538 1954 animo-

111 1987 172 2022 rum
185 1979 273 2023 status
290 1979 338 2023 aut
357 1971 480 2039 corporis
496 1988 537 2024 re·
762 2032 764 2035 v
826 2029 831 2032 ,
900 2029 906 2038 Ι

112 2039 194 2106 quirit
226 2040 263 2092 ab
294 2057 326 2093 eo
356 2041 536 2109 postulemus.
606 2026 713 2074 stanti-3
734 2013 992 2079 populo,t1tautea‚

113 2109 288 2177 Quapropter
299 2126 350 2163 vos
368 2125 474 2177 omnes,
489 2111 537 2180 qui
605 2086 756 2149 ficuum·

112 2178 224 2245 adestiS,
237 2195 305 2246 rogo
323 2188 350 2232 et
369 2179 485 2233 obsecro
497 2188 535 2247 ut,
639 2178 877 2232 MNIPOTENS
910 2179 997 2244 Deus,

111 2264 180 2315 puro
194 2248 285 2314 corde,
298 2256 325 2301 et
343 2265 413 2302 voce
430 2249 536 2316 humili,
675 2249 757 2301 Pater
772 2247 888 2301 Domini
907 2249 996 2302 nostri

111 2317 148 2369 ad
160 2318 292 2370 thronum
303 2317 401 2385 gratiae
414 2318 537 2372 coelestis
567 2318 634 2386 Jesu
657 2317 768 2384 Christi,
790 2318 836 2387 qui
858 2334 917 2370 non
936 2319 996 2372 vult

111 2403 222 2438 mecum
251 2387 401 2452 accedatis,
422 2388 462 2440 ita
491 2405 537 2442 me
568 2388 867 2456 mortempeccatoris,
886 2386 997 2456 sedpo·

111 2463 251 2522 praeeunte
263 2456 408 2510 dicentes:
568 2457 624 2509 tius
642 2466 672 2509 ut
685 2473 715 2510 se
733 2457 770 2509 ab
787 2457 996 2538 'impietateosua

114 2565 258 2618 Confessio
305 2561 451 2613 (iuuenilis
497 2560 533 2610 ab
569 2534 691 2647 ffriat’.
710 2534 738 2580 et
766 2536 862 2606 man
893 2542 997 2596 qmque

149 2638 275 2686 mmm
300 2632 524 2697 (wwme
603 2605 708 2649 mistus
738 2612 796 2648 suls
827 2604 997 2665 potestatem

151 2709 184 2756 W
443 2720 452 2733 ,
494 2671 533 2751 d}
569 2665 654 2730 dedit,
683 2664 770 2718 immo
799 2665 941 2734 praecepit,
965 2676 996 2718 ut

150 2752 153 2757 ⁴
182 2717 276 2756 mistro
312 2717 460 2770 praeunti,

569 1802 725 1864 Absolutio,
759 1802 816 1851 sire
850 1799 991 1850 Remissio

608 1875 825 1926 i’cccnto1tuu,u
839 1870 992 1921 Sacerdote

605 1945 664 1994 solo
691 1941 907 2008 prmututinudn,
930 1940 991 2006 ipso

515 2718 521 2750 ¹
568 2735 670 2803 populo
691 2751 742 2788 suo
766 2735 914 2804 poenitenti
937 2735 995 2788 Ab·

569 2805 735 2858 solutionem
777 2805 995 2858 Remissionem-

182 2873 420 2929 MNIPOTENS
439 2883 467 2928 et
484 2876 537 2928 cle·
568 2890 622 2942 que
637 2884 816 2943 peccatorum
834 2890 930 2927 eorum
948 2874 995 2927 de-

224 2944 398 2998 mentissime
435 2946 536 3009 Pater3
568 2944 673 2997 clarent
682 2953 710 2996 et
719 2943 914 3012 pronuntient:
929 2944 995 3012 Ipse

113 3013 301 3082 Peccavimus,
322 3024 349 3066 et
370 3030 388 3066 a
408 3014 461 3067 viis
482 3015 537 3067 tuis
568 3013 685 3080 singulis
702 3030 767 3066 vere
783 3013 994 3082 poenitentibus,

112 3083 263 3136 erravimus
286 3084 358 3138 sicut
383 3100 449 3137 oves
474 3100 537 3153 quae
567 3091 595 3136 et
618 3091 828 3136 sacrosanctum
855 3083 993 3151 Evangel-

168 3165 187 3198 2

149 2779 245 2840 centia,
260 2776 379 2840 gemitus
395 2774 478 2824 lieris.
