2092 3450
62 185 122 232 Dies
136 187 195 233 XV.
451 185 560 250 iterim.
816 192 860 238 Ad
876 193 941 251 Vrsp.

60 336 114 384 dies
126 336 328 384 eorumretanni
337 350 422 384 eorum
431 351 487 384 cum
518 352 603 386 eorum
623 353 629 387 :
653 345 677 385 et
693 336 790 386 labores
806 354 890 387 eorum
908 340 942 388 lo·

60 399 224 449 festinatione.
518 408 598 450 custae.

94 464 160 513 Cum
182 463 305 512 occideret
327 479 377 523 eos,
395 480 486 528 quaere-
550 465 584 513 Et
595 465 850 528 occiditingrandine
859 465 943 515 vineas

60 529 122 577 bant
139 543 196 577 eum
207 536 232 576 et
242 528 445 578 revertebantur:
463 535 487 578 et
518 544 603 578 eorum
623 547 629 578 ι
657 537 682 579 et
703 545 786 579 moros
809 545 895 579 eorum
916 532 942 579 in

61 591 171 641 diluculo
181 592 314 641 veniebant
325 593 356 641 ad
368 608 431 642 eum.
518 595 612 657 pruina

94 657 129 705 Et
153 657 310 705 rememorati
335 665 399 716 sunt,
430 657 488 721 quia
550 658 584 706 Et
595 658 696 707 tradidit
709 658 823 722 grandini
832 657 944 721 jumenta

62 721 131 770 Deus
153 720 251 783 adjutor
272 729 309 769 est
330 736 415 770 eorum
435 739 441 770 ε
463 729 488 770 et
518 737 603 775 eorum
618 740 624 770 r
639 723 943 787 etpossessionemeorum

62 786 131 835 Deus
140 785 488 849 excelsusredemptoreorum
518 787 576 850 igni.

62 858 106 899 est.
551 850 621 899 Misit
639 850 666 898 in
685 865 728 899 eos
747 851 809 900 iram
830 851 942 914 indigna·

94 914 129 962 Et
150 913 288 962 dilexerunt
315 929 372 962 eum
397 914 423 961 in
446 930 488 962 ore
518 915 592 964 tionis
609 929 679 964 suae:
697 915 898 978 indignationem,
918 924 943 965 et

61 995 124 1027 suo:
135 985 160 1027 et
171 978 256 1041 lingua
266 993 310 1027 sua
324 979 420 1026 mentiti
431 986 488 1027 sunt
517 980 588 1038 iram,
600 986 625 1028 et
633 979 817 1028 tribulationem
827 998 835 1039 ;
850 981 942 1029 immis-

62 1044 91 1093 ei.
518 1044 598 1093 siones
609 1059 654 1107 per
664 1043 764 1106 angelos
774 1045 860 1093 malos.

95 1107 147 1155 Cor
165 1121 248 1155 aurem
267 1121 352 1155 eorum
368 1122 419 1155 non
436 1113 488 1156 erat
550 1108 625 1155 Viam
642 1108 700 1156 fecit
716 1109 809 1158 semitae
825 1109 867 1157 irae
882 1124 939 1168 suae,

62 1179 157 1220 rectum
179 1185 236 1219 cum
257 1185 288 1219 eo
308 1188 314 1219 ε
336 1186 382 1220 nee
403 1171 488 1220 fideles
518 1187 568 1220 non
579 1173 805 1236 pepercitamorte
815 1173 943 1222 animabus

61 1235 142 1284 habiti
153 1235 402 1284 suntintestamento
414 1235 472 1299 ejus.
518 1252 604 1285 eorum
621 1254 627 1284 ε
644 1243 669 1285 et
685 1236 798 1300 jumenta
817 1253 901 1286 eorum
917 1238 944 1285 in

95 1300 154 1364 Ipse
165 1305 248 1349 autem
259 1308 296 1348 est
306 1300 450 1359 misericors,
465 1307 489 1348 et
517 1309 597 1349 morte
608 1300 734 1349 conclusit.

61 1363 184 1429 propitius
200 1363 243 1412 fiet
258 1367 365 1426 peccatis
382 1379 488 1412 eorum:
551 1365 585 1414 Et
608 1367 727 1428 percussit
752 1381 827 1414 omne
851 1367 943 1430 primo·

61 1438 86 1478 et
97 1444 150 1478 non
160 1428 285 1492 disperdet
296 1443 344 1477 eos.
518 1430 628 1491 genitum
639 1429 665 1476 in
678 1437 742 1478 terra
753 1430 877 1493 AEgypti:
894 1432 942 1494 pri-

94 1493 129 1542 Et
154 1492 289 1540 abundavit
315 1499 343 1540 ut
369 1499 488 1541 averteret
519 1494 600 1542 initias
616 1494 697 1542 omnis
712 1493 804 1543 laboris
820 1510 905 1544 eorum
918 1495 944 1542 in

63 1559 125 1606 iram
147 1572 217 1606 suam
236 1563 283 1605 :et
305 1572 355 1604 non
377 1557 488 1605 accendit
519 1557 682 1606 tabernaculis
695 1557 781 1607 Cham.

62 1636 164 1670 omnem
175 1621 236 1669 iram
248 1636 334 1669 suam:
553 1622 586 1670 Et
597 1622 698 1670 abstulit
713 1623 776 1671 sieut
792 1638 850 1671 oves
865 1639 943 1688 popu·

95 1686 130 1735 Et
146 1684 287 1734 recordatus
303 1692 340 1733 est
356 1685 414 1748 quia
432 1700 488 1734 caro
518 1685 569 1734 lum
592 1701 663 1735 suum
684 1704 690 1734 r
718 1694 743 1735 et
764 1687 879 1750 perduxit
902 1703 944 1737 eos

63 1758 146 1798 sunta:
169 1749 268 1813 spiritus
283 1749 376 1797 vadens
396 1757 420 1797 et
438 1765 489 1798 non
519 1757 636 1813 tanquam
648 1766 747 1813 gregem
758 1751 785 1798 in
796 1751 900 1800 deserto.

64 1815 167 1864 rediens.
552 1815 586 1863 Et
596 1814 697 1863 deduxit
707 1830 749 1864 eos
760 1815 786 1862 in
797 1830 848 1878 spe,
858 1823 883 1865 et
893 1831 944 1864 non

97 1877 202 1941 Quoties
216 1877 421 1927 exacerbaverunt
433 1894 489 1926 eum
520 1879 673 1927 timuerunt:
690 1886 715 1927 et
731 1879 844 1927 inimicos
860 1895 944 1928 eorum

64 1944 90 1991 in
106 1943 226 1992 deserto:
242 1942 268 1990 in
278 1943 341 1990 iram
352 1943 489 1991 concitave·
520 1943 616 2006 operuit
627 1958 701 1992 mare.
774 1983 778 1991 .

52 2013 121 2056 'runt
132 2006 374 2069 eumininaquoso?
553 2007 586 2055 Et
607 2007 703 2056 induxit
724 2022 766 2056 eos
788 2008 814 2055 in
834 2015 945 2057 montem
1031 2037 1033 2041 ·

97 2073 131 2120 Et
147 2071 258 2119 conversi
274 2077 331 2119 suut
345 2076 370 2119 et
380 2076 489 2119 tentave-
520 2070 719 2120 sanctificationis
734 2087 805 2120 suae:
824 2079 942 2133 montem,

64 2143 121 2184 runt
132 2135 216 2184 Deum
228 2152 235 2183 ε
246 2140 270 2183 et
283 2135 403 2184 Sanctum
413 2135 490 2184 Israel
520 2151 594 2199 quem
605 2135 733 2198 acquisivit
743 2136 913 2199 dexteraejus.

65 2199 277 2250 exacerbarentur
554 2200 588 2247 Et
619 2199 690 2263 ejecit
722 2215 738 2248 a
768 2200 830 2249 facie
861 2216 946 2250 eorum

97 2265 159 2313 Non
180 2271 237 2312 sunt
261 2262 382 2312 recordati
404 2278 490 2312 manus
521 2271 606 2326 gentes
627 2281 634 2312 ε
657 2271 682 2312 et
708 2271 774 2313 sorte
800 2265 884 2313 divisit
911 2266 946 2314 eis

65 2330 139 2393 ejus:
156 2328 197 2376 die
230 2344 262 2376 ua
280 2328 384 2376 redemit
400 2343 443 2376 eos
459 2328 491 2376 de
522 2339 611 2376 terram
637 2328 664 2376 in
695 2328 804 2377 funiculo
831 2329 946 2378 distribu-

65 2409 140 2443 manu
151 2393 200 2441 trib
227 2393 296 2441 antis.
522 2392 602 2441 tionis.

99 2456 492 2521 SicutposuitinAEgyptosigna
554 2457 587 2505 Et
609 2457 720 2506 habitare
742 2457 799 2506 fecit
821 2459 847 2505 in
866 2458 946 2506 taber·

65 2538 110 2571 sua
123 2539 130 2571 ε
148 2528 172 2570 et
183 2521 296 2584 prodigia
311 2535 354 2568 sua
365 2521 391 2568 in
402 2536 491 2584 eampo
521 2521 615 2569 naculis
626 2537 711 2570 eorum
723 2539 730 2570 r
741 2522 818 2570 tribus
830 2522 913 2570 Israel.

65 2584 172 2635 Taneos'.
554 2585 588 2633 Et
605 2593 759 2634 tentaverunt
777 2592 801 2634 et
818 2586 947 2634 exacerba-

98 2651 133 2698 Et
154 2650 275 2698 convertit
295 2649 322 2697 in
347 2648 492 2712 sanguinem
521 2657 609 2698 verunt
636 2650 719 2698 Deum
747 2649 869 2698 excelsum
894 2667 900 2698 ε
923 2658 948 2699 et

66 2715 169 2764 flumina
204 2729 288 2762 comm
311 2731 318 2762 r
341 2722 366 2763 et
401 2714 491 2762 imbres
522 2715 662 2762 testimonia
679 2713 730 2776 ejus
746 2729 797 2761 non
816 2715 947 2763 custodier-

65 2795 161 2838 eorum,
173 2793 206 2826 ne
216 2778 335 2827 biberent.
524 2784 576 2827 unt.

101 2843 171 2894 Misit
182 2843 208 2891 in
223 2858 266 2891 eos
282 2841 454 2905 coenomyiam,
468 2848 493 2890 et
558 2843 591 2891 Et
606 2847 744 2890 averterunt
755 2856 788 2900 se,
803 2847 828 2890 et
838 2856 888 2890 nou
900 2857 947 2891 ser·

68 2908 176 2957 comedit
187 2914 230 2956 eos
244 2924 251 2955 ι
267 2914 292 2955 et
302 2921 393 2956 ranam.
409 2913 433 2955 et
444 2906 492 2955 dis-
524 2913 642 2954 vaverunt
654 2914 753 2968 paetum
768 2921 774 2954 :
789 2907 948 2968 quemadmo-

67 2971 175 3039 perdidit
186 2986 236 3020 eos.
294 3007 295 3010 ,
524 2971 584 3019 dum
611 2976 693 3033 patres
720 2983 812 3027 eorum,
838 2974 949 3020 conversi

99 3039 134 3086 Et
167 3035 237 3085 dedit
267 3036 367 3099 aerugini
389 3034 492 3084 ¹fructus
525 3033 617 3083 suntin
629 3048 712 3081 arcum
724 3049 833 3098 pravum

130 3106 178 3167 267
