2092 3450
430 156 710 229 mensum.
1037 166 1042 243 ,ι

122 304 214 359 coles:
234 302 300 373 Ego
319 316 384 359 snm
404 300 546 357 Dominus
622 296 758 371 Populus.
778 298 998 375 Dominennito·
1039 320 1042 369 ς

125 376 205 429 Deus
229 382 295 428 tuus
317 372 406 441 fortis,
434 370 546 437 zelotes,
577 386 671 427 renen
759 370 895 427 etcorda
908 380 1001 427 nom

121 443 241 499 visitans
249 441 424 513 iniquitatem
433 450 547 511 petrum
578 440 618 495 nd
656 500 660 506 ,
818 440 899 497 bane
913 440 999 511 legun

123 514 154 567 in
165 512 546 582 filiosintertiametqunr·
578 509 693 566 incline.

123 595 183 638 tam
211 582 422 651 generationem
447 596 546 637 eornm
624 580 999 653 Minister.iionorenntrnt

123 653 172 724 qui
188 652 308 709 oderunt
325 668 381 721 me,
392 661 421 707 et
437 650 546 707 inciens
577 658 658 705 tuum
674 660 704 707 et
720 662 845 707 matrem
859 660 954 717 tumr
970 658 1012 707 ot.

123 721 484 779 misericordinminmfflin
500 722 546 777 his
578 720 641 776 sisl
789 736 878 791 super
892 730 999 787 mrem,

123 793 172 863 qui
184 792 304 863 diligunt
316 808 371 860 me,
383 800 412 847 et
423 790 547 847 custodi·
710 790 823 847 ominus
841 792 924 847 Deus
938 800 998 847 tons

123 872 175 917 unt
185 872 328 933 precepta
337 878 411 917 men.
616 860 730 916 bittibi.

162 931 295 1003 Populus.
322 931 455 998 Domine,
463 930 547 986 mise·
622 932 757 1005 Poptssns.
776 930 998 999 nominemin-

124 1018 184 1057 rere
195 1000 433 1070 nostri,etcorda
448 1012 547 1055 nostre
577 999 892 1069 rerenostri‚etcorde
906 1010 998 1057 nonna
1039 1018 1042 1067 j

123 1071 161 1126 ad
179 1070 347 1127 servandam
362 1072 438 1127 hanc
453 1071 547 1141 legem
577 1068 617 1125 ad
634 1068 805 1125 servandam
819 1070 898 1127 hanc
911 1070 999 1141 legen
1040 1070 1042 1087 ²

124 1141 238 1196 inclina.
578 1138 692 1195 inclina.
1039 1148 1042 1153 ’

162 1210 303 1268 Minister.
335 1212 402 1265 Non
418 1225 547 1265 assumes
622 1212 763 1271 Minister.
790 1210 860 1265 Non
871 1208 988 1267 occides.

126 1283 240 1337 Nomen
258 1280 375 1336 Domini
393 1280 449 1335 Dei
460 1280 502 1335 tui
515 1280 546 1333 in
596 1298 599 1303 ·
623 1284 757 1357 Populus.
778 1280 998 1351 nominemin-
1038 1294 1042 1359 ,¹

123 1368 243 1407 vanum:
265 1368 320 1406 nec
336 1351 414 1406 enim
430 1350 547 1405 habebit
578 1364 641 1405 rere
651 1348 791 1418 nostri,et
801 1350 892 1405 corde
907 1360 999 1407 nostra
1030 1346 1042 1439 ’4

124 1422 264 1476 insontem
275 1421 416 1475 Dominus
424 1435 491 1475 eum
498 1419 546 1503 qui
577 1418 617 1475 ad
633 1418 804 1475 senentiam
819 1420 898 1477 bene
911 1420 999 1491 legen

125 1488 546 1574 assumpseritNomeuDomrni
577 1488 692 1545 inclina.

125 1561 180 1616 Dei
193 1578 236 1614 sur
247 1560 355 1615 frustra„
621 1564 770 1621 Minister„
792 1558 863 1615 Non
879 1558 999 1615 moetht·

161 1632 299 1703 Populus.
322 1629 455 1697 Domine,
464 1629 546 1683 mise·
578 1628 662 1685 beris.

125 1717 184 1754 rere
196 1700 292 1768 nostri,
304 1712 332 1755 et
347 1700 433 1753 corda
451 1710 547 1752 nostra
622 1706 754 1777 Populus,
777 1699 998 1764 Dominemise·

125 1771 161 1823 ad
181 1771 347 1824 servandam
365 1771 439 1823 hanc
455 1769 546 1838 legem
578 1784 638 1822 rere
650 1768 748 1835 nostri,
760 1779 789 1822 et
803 1770 892 1823 corda
908 1778 999 1823 nostra

126 1840 237 1895 inclina,
578 1838 616 1891 ad
634 1837 802 1892 servandam
819 1839 896 1893 hanc
912 1840 998 1908 legem

160 1912 304 1969 Minister„
348 1911 492 1963 Memento
516 1919 546 1962 ut
579 1907 692 1962 inclina.

126 1980 200 2033 diem
233 1979 349 2033 Sabbati
379 1978 546 2032 sanctifices.
620 1978 760 2036 Minister.
802 1978 872 2032 Non
900 1979 998 2032 funum
1036 1918 1042 2081 1

127 2050 181 2103 Sex
204 2049 303 2102 diebus
327 2048 496 2117 operaberis,
518 2057 548 2101 et
578 2045 674 2101 facies.
728 2084 732 2097 .
1039 2086 1042 2117 ,

125 2119 211 2172 facies
241 2119 335 2171 omnia
368 2134 453 2186 opera
483 2127 546 2180 tua;
620 2120 752 2191 Populus.
779 2116 998 2186 Domine,mise·

126 2189 246 2256 septimo
263 2198 357 2241 autem
375 2188 420 2240 die
439 2187 547 2240 Sabba-
578 2201 639 2238 rere
651 2184 747 2251 nostri,
759 2196 788 2240 et
803 2187 892 2240 corda
908 2196 998 2241 nostra

127 2268 185 2310 tum
211 2258 326 2310 Domini
351 2257 406 2309 Dei
430 2257 470 2310 tui
494 2266 545 2309 est.
579 2255 616 2307 ad
635 2254 801 2308 servandam
820 2256 896 2310 hanc
911 2258 998 2325 legem
1040 2294 1042 2301 .

127 2328 193 2380 Non
214 2327 300 2380 facies
322 2343 404 2379 omne
426 2342 496 2394 opus
517 2326 546 2378 in
580 2324 691 2378 inclina.

126 2413 169 2462 eo,
182 2407 219 2462 tu,
231 2405 260 2449 et
275 2396 347 2448 filius
365 2406 437 2463 tuus,
450 2405 478 2448 et
490 2395 547 2447 filia
619 2392 759 2449 Minister.
790 2395 858 2447 Non
881 2394 998 2466 loqueris
1039 2438 1042 2471 Ι

126 2479 182 2532 tua,
200 2481 295 2518 servus
313 2474 385 2531 tuus,
398 2474 425 2517 et
444 2465 546 2519 anciila
579 2473 677 2516 contra
692 2463 851 2532 proximum
863 2464 998 2519 tuumial·
1036 2498 1042 2525 <

127 2547 183 2600 tua,
212 2535 370 2603 jumentum
402 2542 489 2600 tuum,
518 2545 546 2586 et
579 2533 853 2588 sumtestimonium.

126 2605 235 2658 advena
247 2603 294 2673 qui
307 2614 349 2657 est
367 2603 441 2656 intra
451 2613 547 2672 portas
619 2600 750 2671 Populus
777 2602 913 2672 Domine,
920 2604 998 2658 mise·

127 2684 197 2726 tuas.
226 2673 280 2727 Sex
290 2673 364 2726 enim
373 2673 472 2727 diebus
480 2673 546 2727 fecit
579 2687 640 2726 rere
651 2671 748 2736 nostri,
760 2682 789 2725 et
800 2673 890 2726 corda
907 2682 998 2727 nostra

127 2743 266 2795 Dominus
278 2744 380 2796 coelum
393 2753 420 2796 et
435 2752 547 2806 terram,
579 2741 617 2795 ad
634 2741 803 2795 servandam
821 2742 897 2796 hanc
912 2744 998 2812 legem

126 2822 154 2864 et
173 2829 258 2878 mare,
277 2822 304 2866 et
322 2812 418 2865 omnia
435 2829 498 2882 quae
516 2811 546 2865 in
579 2811 690 2865 inclina.
1037 2818 1042 2917 Ι

125 2881 167 2934 eis
180 2891 252 2946 sunt,
269 2891 295 2934 et
313 2882 447 2950 requievit
460 2882 488 2934 in
500 2882 546 2935 die
619 2880 762 2938 Minister.
790 2882 857 2934 Non
872 2880 997 2950 concupi·

126 2950 261 3017 septimo:
283 2950 387 3004 idcirco
405 2951 546 3005 benedixit
579 2949 890 3019 scesdomumproximi
899 2951 996 3019 tui,nec

126 3019 266 3072 Dominus
289 3019 344 3073 diei
370 3021 497 3089 Sabbati,
517 3030 546 3074 et
577 3019 752 3073 desiderabis
784 3036 902 3074 uxorem
933 3020 996 3089 ejus,
1023 3026 1027 3040 ¹

1031 1885 1039 1929 i

126 3087 394 3210 sanctgfgioaviteum
578 3107 634 3143 non
653 3104 773 3158 servum,
784 3105 843 3144 non
861 3090 995 3154 ancillam,
1033 3066 1042 3289 Ι

186 3190 201 3224 0
