2092 3450
10 40 128 159 'Dies
139 111 189 159 IX.
423 157 426 162 .
456 108 565 174 inanimi,
826 116 943 164 A-dMar‘.

60 264 138 324 gente
153 273 205 310 uon
221 264 324 308 sancta:
340 257 373 307 ab
389 257 490 308 homine
521 256 591 307 Deus
601 273 685 308 meus:
696 257 739 324 qui
748 259 851 308 mandas
858 259 948 310 saintes

61 324 98 374 ini
116 339 151 374 uo
161 331 187 374 et
197 323 286 386 doloso
296 338 353 374 erue
363 338 412 373 me.
519 323 606 386 Jacob.

95 339 164 452 guia
185 395 213 438 tu
235 403 261 437 es
283 387 351 439 Deus
372 387 491 437 fortitudo
554 387 585 435 In
597 394 621 437 te
632 387 745 436 inimicos
760 395 857 437 nostros
870 388 948 436 venti·

61 468 136 503 mea:
164 467 240 528 quare
262 467 302 503 me
323 452 441 517 repulisti,
466 459 491 502 et
520 450 627 501 labimus
643 467 738 501 como:
755 459 779 501 et
795 453 822 500 in
838 452 949 502 Nomine

62 532 139 583 quare
153 517 230 567 trrstis
245 517 340 578 incedo,
354 517 415 566 dum
430 515 490 565 affli·
521 522 565 564 tuo
586 531 729 581 spernemus
748 516 902 580 insurgentes
920 516 947 564 in

60 583 98 647 git
108 597 151 632 me
160 581 293 632 inimicus?
522 580 600 629 nobis.

94 647 190 696 Emitte
207 645 287 696 lucem
303 653 371 695 tuam
388 653 412 696 et
429 646 490 696 veri·
554 645 614 694 Non
625 645 691 694 enim
705 644 732 693 in
745 661 803 695 arcu
819 661 876 694 meo
892 656 947 709 spe·

61 717 140 761 tatem
156 718 243 760 tuam:
258 711 313 775 ipsa
328 725 369 760 me
384 711 490 760 deduxe·
521 708 599 758 rabo:
615 716 640 758 et
650 709 747 773 gladius
758 725 828 759 meus
839 725 889 759 non
901 710 948 759 sal·

61 781 127 836 runt,
141 782 168 825 et
178 775 332 824 adduxerunt
342 775 369 824 in
380 784 491 824 montem
520 774 589 822 vabit
600 788 648 823 me.

10 836 12 891 J
61 847 176 890 sanctum
195 847 272 900 tuum,
286 847 311 889 et
330 839 356 888 in
377 840 489 889 taberna·
554 837 660 888 salvasti
672 838 738 887 enim
746 854 792 888 nos
801 840 832 888 de
841 837 949 902 affligen-

62 904 119 955 cula
128 911 179 954 tua
520 902 586 951 tibus
597 918 659 952 nos:
676 910 701 953 et
712 903 823 952 odientes
834 919 880 952 nos
891 919 948 952 con·

93 969 129 1019 Et
148 967 258 1018 introibo
274 968 306 1017 ad
325 968 402 1019 altare
422 968 489 1018 Dei:
520 966 612 1016 fudisti.

61 1033 94 1082 ad
112 1033 206 1092 Deum,
220 1033 262 1097 qui
280 1033 388 1084 laetificat
402 1032 490 1098 juven·
553 1030 584 1080 In
596 1032 652 1080 Deo
662 1030 819 1081 laudabimur
829 1038 882 1081 tota
892 1031 948 1081 die:

61 1105 140 1148 tutem
151 1112 241 1148 meam.
520 1102 545 1144 et
557 1095 583 1144 iu
594 1095 703 1144 Nomine
717 1103 760 1144 tuo
776 1095 948 1149 confitebimur
961 1099 964 1112 '

94 1161 241 1212 cnofitebor
262 1161 308 1211 tibi
335 1162 362 1212 in
385 1162 487 1221 cithara,
521 1160 682 1209 insaeculum.

61 1225 139 1286 Deus,
150 1226 221 1276 Deus
231 1241 315 1276 meus:
332 1242 407 1293 quare
416 1227 490 1276 tristis
553 1223 629 1274 Nunc
640 1232 722 1274 autem
732 1224 843 1289 repulisti
855 1232 880 1273 et
891 1239 949 1273 con·

61 1307 95 1351 es,
109 1290 195 1340 anima
211 1306 274 1351 mea,
294 1299 318 1340 et
337 1307 412 1357 qnare
432 1307 489 1341 con·
521 1288 604 1337 fudisti
620 1304 682 1337 nos=
699 1296 723 1338 et
739 1305 790 1337 non
807 1289 946 1352 egredieris,

61 1355 147 1405 turbas
156 1356 218 1405 me?
522 1353 598 1413 Deus,
612 1353 778 1402 invirtutibus
789 1355 886 1403 nostris.

93 1419 175 1484 Spera
191 1419 217 1468 in
234 1418 298 1479 Deo,
330 1420 429 1470 uoniam
446 1420 489 1469 ad·
554 1417 673 1466 Avertisti
683 1433 730 1466 nos
743 1425 876 1467 retrorsum
892 1424 949 1482 post

10 1532 12 1541 ,
61 1483 110 1533 huc
135 1482 273 1534 confitebor
298 1435 352 1534 ilii:
385 1485 490 1535 salutare
520 1482 633 1531 inimicos
652 1489 766 1532 nostros:
787 1489 812 1531 et
830 1483 873 1547 qui
891 1483 949 1530 ode·

61 1547 145 1598 vultus
154 1548 213 1609 mei,
226 1555 251 1598 et
262 1549 332 1598 Deus
342 1565 418 1599 meus.
521 1554 576 1595 runt
587 1562 634 1595 nos
644 1546 792 1610 diripiebant
804 1547 859 1596 sibi.

166 1645 167 1649 =
554 1609 652 1660 Dedisti
678 1627 723 1659 nos
751 1619 869 1675 tanquam
891 1625 950 1660 oves

521 1690 648 1725 escarum:
672 1683 697 1724 et
719 1675 879 1739 ingentibus
900 1676 949 1724 dis·

89 1746 161 1794 DIES
175 1747 221 1794 IX.
259 1746 298 1800 idn
311 1747 472 1805 fflatutr'aas.
521 1739 618 1804 persisti
629 1755 681 1788 ¹¹0⁵·

554 1803 694 1852 Vendidisti
726 1803 847 1868 populum
880 1811 950 1852 tuum

154 1871 284 1922 Psfflms
301 1872 395 1924 XLIV,
521 1867 574 1917 sine
593 1868 690 1932 pretio:
716 1876 740 1916 et
756 1883 808 1916 non
824 1869 869 1917 snit
886 1869 949 1918 mul·

111 1963 112 1967 =
523 1931 603 1980 titudo
646 1932 673 1980 in
716 1932 949 1982 commutationibus

131 1985 210 2046 ΕΗΒ,
219 1987 318 2037 auribus
326 1988 415 2039 nostris
424 1988 492 2038 audi·
522 2011 614 2046 eorum.

126 2116 132 2128 .
163 2051 258 2101 vimus:
276 2060 356 2129 patres
364 2054 441 2104 nostri
449 2069 491 2103 an·
555 2060 660 2110 Posuisti
675 2076 721 2110 nos
737 2061 898 2125 opprobrium
914 2062 949 2110 vi·

61 2122 237 2166 nuntiaverunt
248 2118 327 2177 nobis,
523 2125 584 2174 cinis
603 2125 708 2176 nostris:
731 2126 949 2176 subsannationem

81 2180 170 2257 ‘Opus
191 2181 258 2245 quod
281 2189 396 2246 operatus
417 2198 444 2233 es
465 2183 491 2232 in
522 2197 547 2238 et
563 2189 671 2238 derisum
685 2189 724 2238 his
735 2191 778 2254 qui
789 2199 845 2239 sunt
862 2191 888 2239 in
904 2191 949 2240 cir·

62 2244 153 2295 drebus
174 2260 277 2295 eorumr
304 2256 329 2296 et
357 2248 382 2296 in
404 2247 491 2297 diebus
523 2253 590 2303 cuitu
601 2262 692 2303 nostro.

63 2309 179 2374 antiquis.
555 2318 662 2367 Posuisti
673 2333 719 2367 nos
727 2318 753 2367 in
764 2319 950 2368 similitudinem

82 2374 189 2450 'Manus
206 2379 251 2423 tua
266 2382 352 2450 gentes
372 2377 410 2424 dis
429 2376 491 2425 erdi·
523 2382 652 2445 gentibus:
663 2384 855 2432 commotionem
864 2384 951 2448 capitis

63 2439 109 2499 drt,
123 2445 149 2488 et
165 2437 282 2504 plantasti
299 2455 360 2516 eos:
427 2441 492 2491 ixisti
523 2449 549 2495 in
559 2447 664 2510 populis.

64 2501 491 2634 trbaiintrinnpn
524 2511 621 2624 ab?
635 2511 689 2625 ἐξ
703 2511 951 2626 mittimur}

64 2631 181 2682 sedemnt
197 2639 305 2682 terram:
323 2642 348 2684 et
364 2633 492 2684 brachium
523 2639 595 2689 faciei
605 2656 668 2690 meae
680 2641 807 2705 cooperuit
818 2656 865 2689 me.

64 2711 151 2746 corum
161 2711 213 2745 non
223 2696 326 2766 salvavit
337 2714 396 2748 eos:
556 2706 581 2753 A
593 2720 653 2754 voce
665 2705 834 2769 exprobrantis
846 2711 870 2753 et
881 2705 950 2754 oblo-

96 2760 149 2811 Scd
157 2760 258 2837 dentem
269 2770 318 2821 tua,
329 2772 353 2812 et
364 2763 492 2814 brachium
524 2769 622 2834 quentis
633 2787 640 2818 τ
657 2785 672 2818 a
682 2770 744 2818 facie
755 2768 849 2817 inimici
859 2775 884 2817 et
895 2784 949 2833 per·

65 2832 143 2884 mum,
156 2832 182 2875 et
192 2825 340 2876 illuminatio
349 2829 430 2878 vultus
441 2829 492 2880 tui:
523 2849 549 2883 se
567 2834 653 2883 uentis

66 2889 184 2954 quoniam
196 2890 366 2955 complacuisti
377 2893 401 2942 in
414 2893 456 2944 eis.
587 2913 624 2947 aec
641 2897 723 2947 omnia
741 2905 859 2947 venerunt
878 2911 952 2964 super

10 3002 14 3007 ,
98 2953 140 3004 Tu
161 2969 188 3004 cs
214 2955 269 3021 ipse
291 2955 346 3008 Rex
372 2973 442 3008 meus
469 2965 493 3008 et
526 2976 580 3022 nos,
602 2976 647 3011 nec
669 2962 741 3012 obliti
758 2977 842 3012 sumus
860 2971 900 3014 te:
927 2969 951 3011 et

132 3030 181 3083 243
