2092 3450
207 169 338 230 dominica
357 175 457 232 &uinta
474 183 532 245 prat
548 178 659 248 bauria.

131 330 304 400 margatum.
452 330 485 380 de
499 327 595 394 justitia
613 343 680 404 vero3
702 328 760 393 quia
780 328 812 378 ad
826 328 875 405 ξι·
914 332 923 343 “

90 421 117 473 s·
136 424 208 487 10²2
228 420 277 470 a»
298 429 319 484 s·
451 401 516 508 ta
531 394 652 508 uta
669 393 876 506 ³

43 519 420 634 ›IXITJesusdiscipulissuist
452 522 511 587 quia
521 523 635 586 princeps
645 521 718 585 hujus
729 521 816 570 mundi
824 521 877 585 jam

91 585 363 644 Nuncvadoadeum‚
377 584 420 649 qui
449 586 572 650 judicatus
595 593 638 636 est.
685 586 777 635 Adhuc
798 584 878 633 multa

43 649 61 700 it
83 665 138 700 me:
166 658 190 699 et
206 665 280 698 nemo
302 664 332 698 ex
350 649 421 698 vobis
452 651 532 699 habeo
551 651 622 699 vobis
641 650 736 699 dicere:
761 650 804 698 sed
826 664 878 698 non

43 721 131 778 trrogat
163 729 212 773 me,
249 712 307 775 Quo
333 713 422 762 vadis?
451 715 555 778 potestis
573 723 672 778 portare
688 714 771 763 modo.
812 714 877 762 Cum

43 802 47 826 t
75 779 134 843 quia
159 778 214 828 haee
244 777 340 826 locutus
366 792 422 826 sum
452 787 534 827 autem
567 779 661 828 venerit
691 778 734 827 ille
772 778 878 842 Spiritus

43 843 74 902 is,
104 842 204 891 tristitia
235 841 347 905 implevit
379 857 423 890 cor
451 844 567 902 veritatis,
592 842 691 891 docebit
712 858 757 891 vos
779 857 879 891 omnem

43 922 111 956 rum.
154 906 204 956 Sed
226 920 273 969 ego
295 905 422 954 veritatem
452 908 597 966 veritatem
613 921 664 955 nou
680 907 746 955 enim
765 906 880 970 loquetur

43 987 53 1020 r
74 970 161 1020 vobis:
188 970 288 1033 expedit
308 969 379 1019 vobis
397 976 423 1017 ut
453 971 631 1034 asemetipso:
654 971 697 1020 sed
717 985 879 1034 quaecumque

75 1035 180 1084 vadam:
221 1035 242 1083 si
273 1033 341 1083 enim
372 1049 423 1082 non
453 1035 536 1084 audiet
557 1035 678 1099 loquetur,
704 1041 728 1083 et
745 1050 801 1098 quae
820 1048 879 1082 ven·

43 1113 88 1160 aro,
113 1097 255 1148 Paracletus
275 1113 326 1147 nou
342 1098 424 1147 veniet
453 1107 509 1147 tura
534 1106 591 1148 sunt
618 1099 774 1147 annuntiabit
798 1098 875 1147 vobis

48 1178 109 1213 vos:
127 1163 148 1212 si
163 1169 245 1211 autem
256 1163 348 1221 abiero,
367 1162 423 1210 mit·
454 1163 502 1212 Ille
520 1179 561 1212 me
583 1162 743 1212 clarificabit:
768 1163 826 1226 quia
847 1162 880 1210 de

43 1245 49 1276 t
76 1243 132 1276 eum
154 1227 187 1275 ad
208 1242 259 1276 vos.
307 1227 340 1275 Et
367 1241 424 1275 cum
453 1243 510 1276 meo
536 1227 648 1290 accipiet,
673 1235 697 1276 et
724 1225 880 1275 annuntiabit

43 1291 91 1340 erit
117 1291 167 1352 ille,
192 1298 277 1354 arguet
303 1291 423 1339 mundum
454 1292 532 1340 vobis.
570 1291 879 1355 Omniaquaecumqueha-

50 1362 161 1420 peccato,
184 1356 259 1405 etde
277 1354 379 1418 justitia,
399 1361 423 1403 et
454 1356 497 1405 bet
520 1356 600 1416 Pater,
625 1371 681 1404 mea
702 1362 766 1403 sunt.
802 1355 879 1418 Prop-

43 1419 145 1478 iudicio:
161 1419 194 1469 de
234 1426 303 1468 ccato
313 1419 420 1494 quidem,
454 1427 522 1469 terea
538 1420 605 1469 dixi:
628 1420 687 1484 quia
702 1420 735 1468 de
749 1434 807 1468 meo
817 1417 879 1467 acci·

43 1499 58 1532 a
78 1499 130 1533 non
152 1499 191 1533 cre
211 1484 306 1533 'derunt
322 1498 349 1532 in
366 1499 423 1532 me:
453 1485 512 1548 piet,
527 1490 551 1533 et
562 1483 718 1533 annuntiabit
728 1483 805 1532 vobis

210 1788 341 1845 diminica
357 1789 457 1845 &uinta
474 1792 531 1857 pust
547 1788 657 1856 iiuada

154 1917 253 1973 oratii.
456 1946 507 1979 suae
529 1930 555 1978 in
577 1929 692 1994 speculo:
720 1929 883 1978 consideravit

43 2019 146 2126 >EQ
160 2034 176 2068 a
189 2034 239 2083 quo
255 2020 321 2068 bona
338 2026 426 2068 cuncta
457 1995 567 2069 enimse,
584 2001 608 2043 et
620 1994 688 2069 abiit,
703 2001 728 2042 et
743 1994 827 2068 statim
838 1994 882 2049 ob·

802 2055 883 2185 n

456 2187 591 2250 perfectam
618 2186 745 2246 libertatis,
776 2193 800 2236 et
827 2202 882 2250 per-

457 2250 574 2299 manserit
601 2250 627 2298 in
650 2267 687 2310 ea,
711 2266 763 2300 non
785 2251 883 2299 auditor

43 2147 105 2196 :ibus
121 2148 177 2207 tuis,
196 2155 223 2196 ut
240 2148 383 2210 cogitemus,
402 2154 427 2196 te

43 2212 142 2271 uitante,
157 2227 212 2276 quae
223 2219 291 2261 recta
307 2218 371 2272 sunt,
391 2218 423 2270 et,

43 2268 191 2336 [uberuanta
203 2277 290 2325 eadem
297 2275 422 2325 faciamus.

42 2341 140 2405 .J3um
153 2339 279 2389 Christum
291 2340 427 2389 Dominum
458 2315 595 2390 obliuiosus
618 2314 705 2374 factus,
720 2314 778 2390 'sed
804 2315 884 2363 factor

43 2411 119 2455 pm
154 2407 243 2454 Am·
458 2395 553 2442 opens:
570 2379 707 2428 hrcbeatus
719 2379 820 2428 infacto
837 2394 882 2427 suo

458 2444 510 2492 erit,
548 2443 576 2497 si
597 2444 652 2506 quis
671 2450 754 2492 autem
771 2450 841 2507 putat
856 2457 883 2492 se

139 2533 166 2590 Ε
185 2533 257 2590 istola
458 2506 599 2570 religiosum
614 2522 674 2572 esse,
687 2523 738 2556 non
752 2507 883 2556 refraenans

167 2550 183 2600 ῃ
260 2572 266 2588 ⁶
458 2570 569 2635 linguam
593 2586 670 2630 suam,
695 2571 739 2620 sed
765 2571 883 2620 seducens

110 2646 136 2697 s,
149 2644 235 2712 Jacob,
249 2645 265 2696 ἱ,
280 2659 319 2696 22.
458 2651 500 2684 cor
516 2650 595 2694 suum,
617 2635 690 2698 hujus
711 2651 775 2683 vana
793 2642 831 2683 est
846 2649 883 2683 re·

457 2699 524 2762 ligio.
562 2699 660 2762 Religio
681 2698 775 2746 munda
796 2697 883 2746 etim·

43 2756 185 2836 [STOTE
197 2762 302 2811 factores
312 2763 389 2822 verbi,
404 2769 428 2812 et
458 2763 582 2812 maculata
602 2763 667 2827 apud
692 2763 774 2810 Deum
796 2769 821 2810 et
838 2762 883 2809 Pa·

43 2857 64 2879 A
98 2842 151 2876 non
172 2827 296 2876 auditores
322 2834 425 2886 tantum,
458 2835 521 2877 trem
540 2828 594 2876 haec
612 2835 663 2876 est:
679 2826 786 2874 Visitare
803 2825 884 2889 pupil-

43 2898 115 2941 entes
125 2890 295 2954 vosmetipsos.
332 2890 399 2952 Quia
409 2891 430 2939 si
458 2891 497 2940 los
519 2899 544 2940 et
566 2891 652 2939 viduas
679 2890 706 2938 iu
727 2888 884 2940 tribulatione

43 2971 58 3005 s
75 2955 175 3004 auditor
192 2962 229 3004 est
244 2955 321 3015 verbi,
339 2963 364 3003 et
380 2971 430 3004 non
459 2971 552 3014 eorum,
563 2962 587 3003 et
599 2953 783 3002 immaculatum
794 2969 820 3004 se
831 2969 883 3005 cus·

42 3028 87 3080 tor,
112 3019 155 3068 hic
174 3019 357 3082 comparabitur
377 3019 431 3067 viro
462 3020 541 3069 todire
552 3019 584 3068 ab
594 3019 642 3068 hoc
653 3018 750 3069 saeculo.

43 3083 171 3133 ›sideranti
188 3082 284 3133 vultum
295 3081 431 3133 nativitatis

75 3146 110 3204 85
