2092 3450
107 154 167 202 Dies
179 155 232 203 III.
494 151 606 218 ἰβὸᾶῖιιῖί.
863 156 912 204 Ad
926 156 989 219 Vesp.

145 281 216 330 Misit
231 281 264 331 de
280 297 384 357 summo,
402 289 426 332 et
442 281 538 346 accepit
602 283 670 332 Deus
697 299 767 332 meus
796 283 932 359 impolluta
956 282 995 332 via

112 362 177 394 me:
194 353 219 395 et
229 348 360 410 assumpsit
374 363 414 396 me
425 348 457 395 de
467 363 538 412 aquis
569 346 646 422 ejus·
663 347 894 411 eloquiaDomini
886 363 995 423 igne'ex·

111 411 201 459 multis.
569 412 690 461 aminata·
684 413 995 487 ‚protectorestomnium

145 475 243 538 Eripuit
254 492 294 524 me
310 475 365 524 de
358 475 464 524 mimicis
475 475 537 524 meis
568 477 719 540 sperantium
730 477 756 524 iu
767 492 801 526 se.

111 539 256 599 fortissimis,
275 548 300 589 et
316 541 348 587 ab
364 540 403 588 his
419 540 462 605 qui
479 541 536 588 ode·
602 541 725 603 Quoniam
743 541 799 604 quis
818 541 889 590 Deus
907 547 995 605 praeter

112 612 168 652 runt
184 620 251 653 me:
270 604 386 668 quoniam
407 604 538 653 confortati
569 605 728 654 Dominum·
732 612 782 655 aut
790 621 846 669 quis
856 607 926 654 Deus
934 621 994 670 prae·

112 676 252 732 suntsuper
263 684 309 717 me.
569 677 606 718 ter
617 670 700 718 Deum
709 671 842 718 nostrum?

145 733 317 781 Praevenerunt
327 748 368 781 me
378 749 404 781 m
412 733 452 781 dre
463 732 537 782 afflic·
601 735 671 783 Deus
687 734 730 798 qui
746 733 876 809 praecinxit
891 749 934 782 me
949 733 994 782 vir·

112 797 186 845 tronis
197 813 286 845 meae
303 805 327 846 et
338 798 416 846 factus
431 806 468 847 est
484 798 536 846 Do·
568 805 647 848 tute.
666 805 691 847 et
710 798 793 862 posuit
811 798 993 847 immaculatam

112 862 192 909 minus
202 869 327 925 protector
338 878 413 910 meus.
567 863 634 911 viam
647 878 736 911 meam

144 926 177 973 Et
186 926 270 974 eduxit
281 942 321 975 me
330 926 355 975 in
364 927 539 975 latitudinemz-
602 927 652 989 Qui
664 926 766 991 perfecit
776 927 854 990 pedes
862 941 933 976 meos
944 933 994 975 tan·

111 989 206 1038 salvum
222 1006 262 1039 me
279 991 343 1050 fecit,
360 992 478 1055 quoniam
494 1007 536 1040 vo·
568 1007 643 1056 quam
660 1006 814 1041 cervorum:
831 998 856 1040 et
870 1006 994 1055 superex-

111 1054 156 1102 luit
168 1070 214 1103 me.
568 1055 633 1104 celsa
644 1062 753 1104 statuens
763 1071 811 1104 me

144 1119 177 1166 Et
196 1119 313 1168 retribuet
331 1119 393 1168 mibi
414 1119 537 1168 Dominus
601 1120 652 1182 Qui
674 1121 747 1168 docet
767 1134 856 1168 manus
876 1134 946 1168 meas
964 1117 995 1167 ad

111 1184 264 1232 secundum'
255 1184 375 1247 Justitiam
386 1200 494 1233 meam.
512 1191 536 1232 et
568 1183 994 1247 praelium.etposu1st1uta1cum

111 1249 245 1296 secundum
267 1249 400 1312 puritatem
419 1264 536 1296 manuum
568 1264 658 1297 aereum
669 1248 843 1296 brachiamea„

112 1327 221 1360 mearum
232 1314 349 1361 retribuet
359 1312 427 1360 mihi.
601 1313 634 1361 Et
642 1313 732 1361 dedisti
740 1311 802 1360 mihi
813 1311 993 1375 protectionem

145 1376 211 1437 Quia
219 1377 370 1425 custodivi
347 1392 399 1425 vias
411 1376 536 1426 Domini.
567 1377 733 1426 saiutistuae:
744 1384 768 1425 et
777 1377 879 1425 dextera
890 1383 935 1424 tua
945 1391 994 1426 sus

112 1456 157 1488 nec
169 1441 244 1503 impie
257 1441 320 1503 gessi
332 1456 347 1488 a
358 1441 415 1489 Deo
426 1457 489 1489 meo
568 1440 633 1504 cepit
644 1456 699 1489 me:
986 1468 987 1473 =

144 1505 269 1566 Quoniam
282 1505 366 1553 omnia
379 1505 505 1568 judieia'
484 1521 536 1568 eJus
600 1506 633 1553 Et
644 1504 774 1568 disciplina
785 1509 828 1552 tua
839 1503 946 1552 correxit
956 1518 994 1553 me

112 1570 136 1615 in
149 1575 280 1631 conspectu
293 1585 374 1616 meo:
391 1576 415 1616 et
429 1569 535 1631 justitias
566 1585 592 1618 m
600 1569 697 1617 finem
709 1577 733 1617 et
741 1568 872 1632 disciplina
880 1576 931 1628 tua,
943 1582 995 1632 lpse

111 1632 163 1695 ejus
174 1648 224 1680 non
236 1633 314 1695 repuli
326 1649 341 1680 a
352 1649 398 1680 me.
567 1650 607 1682 me
618 1633 724 1681 docebit.

144 1697 177 1743 Et
189 1697 407 1744 eroimmaculatus
419 1713 474 1745 cum
487 1713 517 1746 eo
529 1716 535 1746 ι
600 1698 716 1746 Dilatasti
727 1712 823 1760 gressus
831 1712 901 1745 meos
910 1697 994 1744 subtus

111 1768 136 1808 et
147 1762 283 1809 observabo
300 1777 341 1809 me
358 1762 389 1809 ab
406 1762 536 1824 iniquitate
568 1778 607 1810 me
623 1780 628 1810 :
642 1769 666 1810 et
677 1778 728 1809 non
739 1769 795 1810 sunt
806 1760 932 1809 infirmata
942 1776 992 1810 ves·

111 1841 172 1872 mea.
568 1826 700 1889 tigiamea.

144 1891 177 1936 Et
197 1889 313 1938 retribuet
332 1890 393 1938 mihi
414 1890 536 1938 Dominus
601 1891 736 1953 Persequar
751 1889 865 1937 inimicos
880 1905 957 1948 meos,
971 1894 993 1937 et

111 1954 246 2002 secundum
257 1954 377 2016 justitiam
389 1971 470 2002 meam
489 1963 536 2002 :et
568 1954 776 2017 comprehendam
797 1954 853 2000 illos
874 1971 881 2002 z
901 1961 926 2002 et
945 1968 993 2002 non

111 2019 245 2065 secundum
268 2020 400 2081 puritatem
419 2035 536 2067 manuum
568 2028 696 2068 convertar
707 2019 785 2066 donec
796 2017 920 2066 deficiant.

112 2098 221 2130 mearum
233 2083 259 2129 in
268 2091 401 2146 conspectu
410 2084 534 2131 oculorum
601 2082 762 2145 Confringam
778 2082 841 2140 illos,
861 2097 908 2131 nec
925 2087 993 2145 pote·

111 2146 169 2208 ejus.
569 2155 624 2195 runt
633 2154 697 2195 stare
712 2165 718 2196 ε
730 2146 818 2195 cadent
826 2146 912 2194 subtus
919 2147 994 2210 pedes

143 2211 207 2258 Cum
220 2218 305 2259 sancto
316 2218 413 2260 sanctus
426 2211 472 2260 eris
491 2229 497 2260 :
513 2218 537 2260 et
568 2227 644 2260 meos.

111 2291 166 2323 cum
188 2276 241 2324 viro
265 2275 396 2324 innocente
421 2276 537 2324 innocens
602 2277 635 2323 Et
645 2275 794 2339 praecinxisti
810 2290 851 2322 me
862 2274 953 2322 virtute
964 2273 993 2321 ad

111 2340 176 2387 eris.
568 2340 689 2388 bellurn.
706 2347 730 2388 et
741 2339 857 2401 supplan
859 2339 906 2386 asti
917 2354 993 2388 msur

144 2404 176 2452 Et
194 2420 249 2452 curn
267 2403 346 2453 eleeto
363 2405 454 2453 electus
469 2405 537 2453 eris:
568 2413 654 2467 gentes
665 2407 690 2452 iu
701 2419 742 2452 me
753 2404 839 2451 subtus
849 2418 897 2451 me

110 2477 134 2517 et
147 2484 203 2516 cum
214 2485 329 2532 perverso
341 2469 492 2532 perverteris.
602 2469 648 2517 Et
641 2484 754 2516 immicos
760 2483 829 2515 meos
836 2467 926 2516 dedisti
934 2466 993 2516 mihi

144 2533 269 2596 Quoniam
286 2540 313 2581 tu
326 2534 446 2596 populum
458 2534 537 2581 humi·
569 2534 687 2582 dorsum:
699 2540 723 2580 et
732 2533 844 2581 odientes
852 2547 893 2579 me
901 2532 993 2594 disper

111 2599 159 2646 lem
176 2599 271 2646 salvum
291 2598 392 2646 facies:
412 2605 436 2646 et
453 2598 537 2647 oculos
569 2597 659 2646 didisti.

111 2664 271 2726 superborum
282 2662 430 2710 humiliabis
602 2662 784 2719 Clamaverunt,
808 2675 855 2708 nec
878 2666 930 2708 erat
952 2659 993 2724 qui

144 2727 268 2788 Quoniam
284 2734 311 2774 tu
322 2727 446 2774 lllummas
456 2726 534 2775 lucer
567 2726 648 2775 salvos
664 2726 781 2773 faceret:
775 2724 830 2772 ·ad
847 2724 991 2783 Dominum,

110 2806 168 2838 uam
187 2807 275 2849 meam,
302 2791 442 2839 Domine
465 2792 534 2839 Deus
567 2807 612 2839 nee
623 2790 747 2839 exaudivit
759 2804 807 2836 eos

110 2870 185 2913 meus,
200 2855 313 2903 illumina
324 2856 436 2903 tenebras
447 2871 521 2903 meas
599 2854 633 2903 Et
623 2854 816 2902 tcomminuam
833 2867 877 2900 eos
894 2858 922 2900 ut
941 2852 993 2917 pul·

143 2919 285 2980 Quoniam
279 2935 305 2966 ιιι
321 2927 345 2967 te
357 2920 534 2982 enpraraten
567 2934 650 2967 vetem
669 2925 727 2966 ante
746 2917 834 2965 faciem
853 2917 949 2966 venti.
967 2926 992 2966 ut

110 2989 145 3029 tat
136 2983 229 3031 tione.
249 2983 310 3031 etin
323 2985 378 3033 Deo
389 3000 445 3031 meo
458 2991 534 3032 trans-
567 2984 647 3032 lutum
658 2983 795 3046 platearum
806 2980 897 3029 delebo
910 2996 959 3030 eos.

109 3047 206 3108 grediar
216 3063 320 3097 murum
600 3047 697 3111 Eripies
714 3062 755 3094 me
772 3046 805 3094 de
821 3046 992 3095 contradictio·

150 3155 152 3159 ,
174 3122 223 3169 224
