2092 3450
81 183 145 230 Dies
158 185 233 231 XXI.
466 182 575 247 idsalmt'.
835 188 879 235 Ad
894 188 959 250 Vcsp.

74 347 140 392 nostr
147 341 167 392 is
181 341 288 406 :iniuste
299 341 400 406 egimus,
415 340 502 407 iniqui·
569 340 649 391 Obliti
666 346 723 390 sunt
740 340 831 399 Deum,
853 341 896 403 qui
915 338 961 388 sal-

75 414 155 457 tatem
166 405 274 456 fecimus
536 405 603 455 vavit
620 421 663 454 eos
681 421 687 454 ε
705 404 747 469 qui
764 403 823 452 fecit
839 403 962 466 magnalia

109 472 196 520 Patres
207 470 285 520 nostri
294 471 321 519 in
332 471 443 546 AEgypto
454 486 504 519 non
536 470 563 518 in
578 470 697 534 AEgypto,
714 468 837 517 mirabilia
854 467 880 516 in
898 476 962 516 terra

74 535 249 585 intellexerunt
283 535 406 585 mirabilia
442 542 503 584 tua:
536 534 625 595 cham,
648 533 765 583 terribilia
783 532 810 582 in
828 532 891 581 mari
911 532 962 581 Ru·

74 615 128 649 non
156 600 253 649 suerunt
276 615 398 649 memores
421 599 503 648 multi·
535 599 588 648 bro.

74 664 170 713 tudinis
180 664 353 713 misericordiae
364 671 420 712 tuae.
569 664 603 712 Et
614 662 675 711 dixit
690 669 717 710 ut
728 661 880 726 disperderet
895 676 961 711 eos:

110 729 145 777 Et
171 728 326 777 irritaverunt
346 728 505 777 ascendentes
536 727 557 776 si
582 743 635 776 non
662 728 764 790 Moyses
790 726 881 775 electus
909 727 962 788 ejus

75 793 184 842 inmare
199 808 284 842 :mere
295 792 416 841 Rubrum.
536 791 678 841 stetissetin
690 790 892 841 confractionem
903 806 962 840 con·

110 857 145 906 Et
160 856 264 906 salvavit
277 873 319 907 eos
335 864 437 921 propter
452 856 506 905 No·
536 862 622 920 spectu
633 855 691 919 ejus.

75 937 136 971 men
152 937 224 970 suum
243 929 294 971 :ut
312 928 398 970 notam
417 921 507 970 feceret
571 921 607 970 Ut
629 926 748 969 averteret
770 920 832 968 iram
849 919 909 982 ejus,
932 935 964 968 ne

75 986 215 1051 potentiam
226 1001 303 1035 snam.
536 984 687 1048 disperderet
703 1000 764 1034 eos:
782 991 807 1033 et
823 999 868 1048 pro
886 983 964 1033 nihilo

111 1051 146 1099 Et
162 1051 283 1114 increpuit
298 1065 367 1099 mere
382 1050 503 1108 Rubrum,
537 1049 675 1098 habuerunt
713 1057 803 1097 terram
841 1048 963 1097 desidere·

75 1122 102 1163 et
119 1115 268 1164 exsiccatum
340 1120 389 1163 :et
405 1114 507 1163 deduxit
537 1113 619 1162 bilem.

75 1179 263 1242 eosinabyssis
273 1179 294 1227 si
326 1179 486 1227 tindeserto.
569 1178 630 1227 Non
641 1178 795 1226 crediderunt
810 1177 887 1226 verbo
901 1175 961 1240 ejus,

111 1243 146 1292 Et
172 1243 277 1292 salvavit
304 1259 346 1292 eos
372 1243 405 1291 de
431 1257 506 1291 manu
536 1248 562 1290 et
578 1249 791 1291 murmuravemnt
809 1242 835 1290 in
852 1241 964 1290 taberna·

75 1307 216 1356 odientium
235 1314 281 1356 :et
296 1307 399 1356 redemit
416 1323 458 1356 eos
475 1307 507 1355 de
536 1307 597 1356 culis
624 1307 674 1356 suis
694 1322 701 1356 t
730 1322 781 1355 non
805 1306 965 1355 exaudiemnt

76 1387 156 1421 manu
165 1371 266 1420 inimici.
537 1386 624 1422 vocem
636 1371 745 1420 Domini.

112 1437 147 1485 Et
172 1437 269 1500 opemit
287 1451 351 1500 aqua
362 1435 506 1485 tribulantes
572 1436 606 1484 Et
633 1435 737 1484 elevavit
764 1450 866 1484 manum
894 1450 964 1484 suam

77 1508 144 1551 eos:
158 1516 219 1550 unus
230 1516 261 1549 ex
272 1501 307 1550 eis
317 1517 368 1549 non
380 1500 503 1549 remansit.
538 1515 612 1564 super
626 1515 668 1549 eos
682 1516 688 1550 :
700 1507 728 1549 ut
743 1506 906 1564 prosterneret
922 1515 965 1549 eos

112 1565 148 1613 Et
162 1564 318 1614 crediderunt
333 1565 414 1614 verbis
430 1564 481 1628 ejus
500 1581 507 1612 z
538 1565 564 1612 in
575 1565 692 1614 deserto:

76 1635 104 1679 et
115 1629 276 1678 laudaverunt
288 1629 385 1678 laudem
397 1629 454 1692 ejus
572 1629 605 1677 Et
616 1636 644 1678 ut
654 1629 769 1692 dejiceret
780 1643 865 1678 semen
880 1643 964 1677 eorum
1033 1645 1034 1650 ¹

113 1693 173 1743 Cito
201 1693 318 1754 fecerunt,
349 1694 421 1743 obiiti
451 1700 508 1742 sunt
539 1693 564 1741 in
580 1693 722 1743 nationibus
744 1709 750 1743 :
772 1700 797 1742 et
814 1693 964 1756 dispergeret

77 1773 184 1822 operum
199 1757 251 1820 ejus
266 1765 308 1807 :et
323 1774 374 1807 non
388 1758 507 1807 sustinue-
538 1773 580 1807 eos
591 1758 618 1806 in
628 1758 775 1820 regionibus.

77 1836 136 1871 runt
147 1823 276 1872 consilium
288 1823 346 1886 ejus.
572 1823 605 1870 Et
616 1823 706 1871 initiati
717 1831 774 1872 suut
789 1821 943 1885 Beelphegor
957 1837 964 1871 z

83 1899 86 1906 ·
112 1887 147 1936 Et
174 1902 252 1936 coucu
271 1887 351 1936 ierunt
380 1886 507 1951 concupis·
539 1893 564 1935 et
584 1887 742 1936 comederunt
762 1885 881 1936 sacrificia
900 1902 963 1935 mor·

78 1951 187 2000 centiam
204 1951 231 2000 in
247 1902 344 2001 deserto
363 1969 370 2000 ε
387 1958 412 2000 et
429 1958 508 2000 tenta·
539 1958 644 2000 tuorum.

78 2022 168 2065 verunt
179 2015 262 2064 Deum
273 2016 299 2064 in
310 2016 438 2080 inaquoso.
572 2015 606 2064 Et
625 2015 781 2064 irritaverunt
800 2031 857 2064 eum
876 2014 902 2063 in
921 2014 964 2062 ad-

112 2080 147 2128 Et
157 2079 227 2129 dedit
238 2079 272 2128 eis
287 2080 432 2144 petitionem
443 2080 508 2144 ipso·
539 2079 721 2129 inventionibus
742 2080 792 2128 suis
812 2096 818 2129 :
839 2086 864 2128 et
882 2079 965 2128 multi·

78 2159 135 2192 rum
157 2159 163 2193 ε
183 2150 209 2193 et
229 2144 296 2193 misit
313 2145 464 2193 saturitatem
482 2144 508 2192 in
538 2144 630 2209 plicata
640 2151 678 2194 est
688 2145 714 2193 in
725 2145 760 2193 eis
771 2145 847 2193 ruine

79 2209 175 2258 animes
186 2223 278 2257 eorum
571 2210 605 2258 Et
621 2209 689 2258 stetit
709 2209 821 2267 Phimes,
841 2215 866 2256 et
882 2207 964 2271 placa-

112 2272 147 2321 Et
171 2272 327 2323 irritaverunt
351 2273 456 2336 Moysen
481 2273 507 2321 in
537 2273 573 2322 vit
588 2280 630 2322 ret
641 2273 744 2323 cessavit
755 2273 885 2338 quassatio.

80 2337 165 2386 cestris
188 2337 297 2386 :Aaron
319 2345 432 2386 sanctum
455 2337 507 2385 Do·
570 2338 604 2388 Et
619 2345 758 2402 reputatum
774 2344 811 2387 est
822 2336 881 2385 eiin
894 2335 964 2398 justi·

79 2401 148 2450 mini
538 2403 599 2450 tiam
613 2419 619 2452 :
634 2403 661 2451 in
678 2402 862 2466 generationem
880 2408 904 2449 et
921 2416 963 2463 ge·

112 2466 210 2530 Aperta
229 2472 265 2515 est
286 2473 358 2526 terra,
377 2472 403 2515 et
422 2466 507 2529 deglu·
537 2468 690 2516 nerationem
704 2482 782 2531 usque
796 2466 823 2515 in
837 2465 964 2528 sempiter-

79 2530 135 2579 tivit
147 2529 250 2579 Dathan
262 2546 268 2580 :
282 2537 306 2580 et
322 2532 419 2595 operuit
434 2546 508 2595 super
538 2546 605 2580 num.

80 2595 297 2658 congregationem
308 2596 411 2645 Abiron
570 2596 604 2644 Et
613 2595 768 2645 irritaverunt
779 2593 877 2642 eumad
887 2607 963 2656 aquus

112 2659 147 2708 Et
163 2659 252 2708 exarsit
267 2659 331 2722 ignis
341 2659 367 2708 in
383 2675 508 2724 synagoga
538 2660 738 2709 contradictionis
752 2675 758 2708 ε
771 2665 795 2706 et
810 2663 911 2706 vexatus
927 2665 964 2705 est

80 2738 166 2772 eorum
180 2739 187 2773 ι
198 2723 299 2772 flamme
306 2725 440 2774 combussit
450 2740 507 2789 pec·
538 2724 639 2787 Moyses
649 2731 751 2787 propter
761 2737 803 2770 eos
815 2739 822 2781 3
838 2721 897 2794 quia
907 2736 963 2769 exa-

79 2795 182 2837 cutores.
537 2789 697 2837 cerbaverunt
707 2786 820 2851 spiritum
831 2800 904 2846 ejus:
969 2797 972 2802 ·

113 2852 148 2901 Et
162 2851 272 2902 fecerunt
289 2852 393 2902 vitulum
408 2854 434 2902 in
452 2854 506 2903 Ho-
570 2853 604 2901 Et
623 2851 734 2900 distinxit
752 2853 779 2898 in
797 2849 869 2898 labiis
888 2849 937 2898 suis
956 2865 962 2899 ι

80 2916 124 2966 reb
138 2931 145 2966 ε
157 2922 182 2965 et
193 2916 356 2966 adoraverunt
367 2917 487 2981 sculptile.
537 2932 588 2965 non
599 2915 795 2979 disperdiderunt
805 2921 891 2977 gentes
902 2929 963 2977 quas

112 2981 148 3030 Et
197 2988 352 3030 mutaverunt
402 2983 506 3045 gloriam
537 2981 599 3029 dixit
610 2978 733 3028 Dominus
743 2978 798 3027 illis.

80 3060 151 3094 suam
169 3061 176 3095 r
192 3044 218 3094 in
235 3045 420 3096 similitudinem
437 3046 507 3096 vituli
571 3044 604 3092 Et
642 3043 764 3092 commisti
805 3048 863 3092 sunt
899 3042 963 3092 inter

80 3109 233 3222 comedgntis
242 3110 344 3160 foenum
538 3115 632 3175 gentes,
664 3114 691 3158 et
720 3106 865 3158 didicerunt
892 3125 976 3172 spere

147 3186 196 3237 27
