2092 3450
381 182 502 253 liturgia
514 184 658 244 brothton.

105 340 136 395 Si
148 340 211 412 quis
244 344 491 412 eccaverit,Advo-

67 420 164 465 catum
184 360 320 467 habemus
339 414 415 483 apud
439 417 491 469 Pa-

66 490 149 548 trem,
160 482 258 550 Jesum
278 483 418 538 Christum
434 485 491 554 jus·

65 561 136 616 tum,
148 561 177 604 et
196 552 256 620 ipse
270 561 314 605 est
331 555 491 624 propitiatio

66 637 118 689 pro
136 622 261 690 peccatis
279 624 390 681 nostris.
436 639 447 677 1
463 625 492 681 S.

63 696 147 764 Joan.
162 696 189 750 ii.
205 711 228 764 1,
241 711 264 751 2.

66 847 181 902 Deinde
191 850 348 919 Presbyter,
354 853 390 906 ad
398 854 496 909 Altare

102 936 264 987 conversuS,
282 939 376 988 genua
390 924 494 994 flectat,

100 1000 139 1055 et,
146 992 495 1050 nomineeorumomnium

100 1060 149 1128 qui
162 1063 372 1118 communicare
386 1067 494 1135 volunt,

99 1131 175 1184 hanc
212 1145 377 1202 sequentem
416 1137 494 1192 dicat

102 1202 258 1255 Collectam
268 1204 304 1257 de
319 1206 427 1259 Humili
440 1210 492 1261 Ac-

100 1273 491 1355 cessu'adSacramCornmu-
521 1310 550 1354 te
562 1302 599 1355 da

98 1343 222 1398 nionem.

569 346 686 406 utraque
709 338 802 406 specie
822 339 883 409 ipse
906 340 961 409 pri·

567 425 631 460 mus
686 420 787 478 sumat,
841 427 960 480 eamque

567 489 667 546 postea
702 481 765 532 aliis
800 482 959 551 Episcopis,

568 550 752 618 PresbyteriS,
766 561 793 604 et
813 553 960 620 Diaconis,

565 617 650 688 (siqui
675 621 780 688 adsint)
806 623 907 690 tradat,
933 634 960 677 et

565 701 665 758 postea
676 694 790 760 populO,
802 694 901 746 ordine
911 694 959 746 de-

565 761 633 828 bito,
658 764 789 815 omnibus
816 764 958 817 humiliter

563 832 725 897 genuflexis.
764 835 802 886 Et
827 852 891 887 cum
913 837 957 887 vel

564 902 625 969 ipse
639 904 723 973 sumit
736 905 781 956 vel
794 905 856 957 aliis
870 907 956 958 tradit

565 974 782 1026 Sacramentum
823 977 955 1045 Corporis

563 1043 678 1111 Christi,
691 1045 777 1113 dicat,

584 1163 714 1220 ORPUS
728 1167 845 1222 Domini
857 1172 944 1225 nostri

612 1234 678 1302 Jesu
689 1237 800 1304 Christi,
810 1241 885 1307 quod
894 1258 945 1310 pro

600 1312 660 1356 tum
672 1315 722 1371 est,
734 1309 873 1362 custodiat
885 1328 944 1363 cor-

521 1388 575 1439 pus
605 1382 632 1426 et
662 1376 786 1430 animam
810 1387 888 1432 tuam
914 1381 944 1433 in

138 1449 487 1525 ONjustitiaenostrae,mi-
521 1442 607 1495 vitam
621 1452 765 1500 aeternam.

159 1523 277 1578 sericors
291 1528 423 1596 Domine,
436 1532 489 1585 sed

64 1588 251 1647 multitudinis
263 1611 429 1665 magnarum
438 1601 489 1653 mi-

65 1660 238 1714 serationum
255 1673 366 1720 tuarum
378 1668 488 1737 fiducia,

525 1582 582 1636 Hic
592 1583 640 1652 qui
649 1584 752 1654 accipit
760 1585 940 1645 dicatAmen.

63 1729 101 1781 ad
120 1729 194 1784 hanc
208 1732 339 1790 Mensam
352 1746 429 1792 tuam
443 1756 488 1792 ac.
523 1724 562 1777 Et
585 1725 735 1793 Presbyter
752 1727 797 1780 vel
820 1726 953 1781 Minister

63 1799 165 1852 cedere
177 1800 320 1857 audemus.
359 1808 425 1861 Non
444 1826 488 1862 su·

62 1883 127 1921 mus
137 1868 214 1938 digni
224 1873 271 1941 qui
279 1874 325 1928 vel
336 1876 425 1931 micas
435 1880 488 1932 sub

63 1937 165 1992 Mensa
174 1950 223 1993 tua
235 1943 407 2012 colligamus.
443 1951 488 2002 Tu

63 2009 241 2091 autemidem
249 2012 487 2083 illeesDominus,

62 2093 107 2130 cur
117 2094 260 2148 proprium
268 2092 310 2136 est
320 2102 430 2155 semper
436 2089 487 2142 mi-

63 2148 164 2202 sereri:
177 2151 297 2205 Tribuas
305 2155 388 2222 igitur
396 2158 487 2226 nobis,
518 2193 573 2237 Μ

61 2215 185 2284 benigne
210 2221 339 2290 Domine,
366 2227 486 2282 Carnem

61 2285 157 2341 dilecti
171 2289 234 2342 Filii
247 2293 287 2344 tui
302 2294 370 2361 Jesu
384 2297 486 2352 Christi

62 2354 102 2408 ita
119 2359 299 2426 manducare,
317 2374 345 2416 et
368 2365 485 2433 Sangui-

61 2441 128 2478 nem
139 2427 200 2495 ejus
212 2429 315 2499 bibere,
325 2443 355 2486 ut
368 2451 485 2503 corpora

61 2504 158 2548 nostra
166 2497 311 2554 immunda
318 2519 368 2570 per
377 2505 485 2574 Corpus

557 1796 605 1862 qui
627 1796 751 1849 Calicem
764 1797 808 1850 vel
827 1797 888 1866 ipse
905 1816 949 1851 su·

556 1866 608 1918 mit
623 1867 667 1919 vel
685 1868 748 1920 aliis
767 1868 861 1936 tradit,
874 1870 948 1923 hanc

556 1936 634 1991 dicat
647 1938 888 2009 Benedictionem,

571 2045 724 2101 ANGUIS
732 2048 939 2104 Domininostri

604 2117 672 2183 Jesu
692 2118 804 2184 Christi,
823 2122 870 2190 qui
888 2139 939 2190 pro

574 2184 662 2238 ffusus
674 2196 724 2252 est,
733 2190 872 2245 custodiat
880 2209 938 2245 cor-

518 2271 570 2332 pus
600 2264 628 2308 et
660 2258 785 2311 animam
808 2269 886 2314 tuam
909 2262 938 2314 in

518 2334 605 2378 vitam
617 2335 759 2382 aeternam.

516 2464 573 2519 Hic
582 2465 629 2534 qui
639 2464 742 2534 accipit
751 2466 827 2520 dicat
835 2466 934 2520 Amen.

61 2564 122 2632 ejus
139 2568 317 2636 mundentur,
335 2582 364 2626 et
381 2575 484 2630 animae
515 2571 547 2624 Si
567 2581 750 2641 consumptus
772 2574 854 2628 fuerit
876 2593 942 2630 con·

60 2648 112 2700 per
153 2638 385 2705 pretiosissimum
424 2645 484 2713 ejus

62 2702 233 2770 Sanguinem
245 2708 380 2778 laventur,
391 2723 420 2766 et
431 2731 484 2768 nos

60 2785 193 2841 perpetuo
214 2777 372 2833 habitemus
393 2782 422 2835 in
440 2800 482 2850 eo,

60 2843 161 2912 etipse
173 2844 202 2899 in
214 2847 303 2903 nobis.
338 2851 441 2908 Amen.

10 2962 17 3034 ἒ
54 2989 168 3043 Deinde
183 2981 351 3059 Episcopus,
364 2988 388 3043 si
397 2989 482 3058 adsit,

89 3062 134 3114 vel
165 3061 314 3130 Presbyter
337 3061 385 3130 qui
410 3062 481 3114 cele-

89 3131 161 3198 brat,
176 3131 411 3186 Communionem
429 3132 481 3186 sub

124 3207 172 3256 ror
477 3217 524 3259 ec

549 2653 676 2696 secratus
686 2644 770 2696 Panis
780 2655 828 2698 aut
837 2647 942 2702 Vinum

548 2714 713 2782 priusquam
740 2732 838 2768 omnes
865 2735 941 2771 com-

548 2783 763 2850 municaverint,
792 2787 942 2856 Presbyter

548 2854 611 2922 plus
625 2865 771 2908 consecret
783 2857 940 2913 secundum

547 2925 669 2977 formam
689 2935 773 2977 antea
793 2929 940 2999 praescrip-

548 3004 617 3063 tam,
639 2995 776 3064 incipiens
797 3014 815 3050 a
836 3000 940 3070 verbis,

552 3067 653 3125 Omnis
678 3071 767 3140 gloria
787 3073 862 3142 Tibi,
882 3076 936 3130 &a

548 3160 643 3216 usque
659 3143 960 3210 adversaturum
