2092 3450
72 149 205 196 eurr.
458 147 566 212 urrini.
831 157 947 204 ⁴irruat.

67 296 179 348 fundasti
205 316 211 347 ε
234 305 258 348 et
280 315 357 376 opera
378 316 496 350 manuum
527 299 588 350 dum
610 300 753 366 iniquitates
775 307 859 351 nostra
885 304 953 352 retri-

66 371 168 411 tuarum
179 370 237 412 sunt
248 364 312 413 coelr.
526 366 581 415 buit
591 367 670 415 nobis.

101 427 155 490 Ipsi
171 428 295 491 peribunt,
309 435 336 477 tu
347 436 428 478 autem
435 444 496 493 per·
561 431 686 493 Quoniam
698 432 832 480 secundum
844 430 952 480 altitudi-

66 505 154 540 manas
174 508 181 540 ε
197 500 222 540 et
240 507 326 542 omnes
342 494 406 543 sicut
422 493 496 543 vesti-
526 495 755 544 nemcoeiiaterra
768 496 952 544 :corroboravit

67 561 182 603 mentum
193 563 352 606 veterascent
527 559 720 608 misericordiam
741 575 812 609 suam
832 575 907 623 super
922 561 952 608 ti·

81 642 84 649 ,
101 619 136 668 Et
147 619 211 668 sicut
222 621 373 684 opertorium
389 622 497 671 mutabis
527 630 621 672 mentes
632 639 665 673 se.

65 697 118 744 eos,
133 690 158 732 ct
173 685 355 734 mutabuntur:
369 693 397 735 tu
413 693 496 735 autem
560 687 687 750 Quantum
698 688 773 737 distat
789 695 856 737 ortus
867 688 900 737 ab
911 704 951 737 oc·

64 747 136 796 idem
153 747 208 812 ipse
225 764 259 808 es,
274 756 298 798 et
317 750 376 798 anni
393 751 429 799 tui
444 766 496 799 non
526 750 624 800 cidente
643 770 650 801 ε
669 752 743 816 longe
765 753 823 802 fecit
843 768 859 802 a
880 753 952 802 nobis

64 810 190 861 deficient
525 816 561 864 ini
579 817 667 865 uitates
677 824 780 866 nostras.

100 875 160 925 Filii
175 891 301 926 servorum
312 886 410 927 tuorum
425 877 494 927 habi·
559 831 693 942 {uomodo
724 881 853 930 miseretur
881 888 952 945 pater

64 940 155 990 tabunt
169 958 176 990 ε
187 947 211 990 et
222 957 306 991 semen
318 958 402 991 eorum
414 943 440 992 in
450 959 494 992 sae-
526 943 640 1004 filiorum,
654 945 768 994 misertus
780 954 816 995 est
828 946 950 994 Dominus

63 1004 151 1054 culum
161 1005 286 1069 dirigetur.
525 1008 668 1058 timentibus
685 1025 712 1058 se
732 1027 739 1058 r
761 1010 879 1074 quoniam
898 1011 951 1075 ipse

524 1074 641 1136 cognovit
652 1073 797 1136 figmentum
807 1082 926 1123 nostrum.

172 1167 301 1216 Psirnus
313 1167 378 1216 CIII
557 1137 710 1187 Recordatus
721 1146 757 1187 est
768 1139 885 1202 quoniam
896 1138 950 1203 pul·

379 1205 385 1217 ‘
524 1201 561 1251 vis
572 1217 656 1251 sumus
670 1202 764 1251 :homo
779 1203 841 1251 sicut
856 1203 950 1252 foenum

63 1275 67 1281 ’
123 1266 431 1327 ENEDIC‚animamea,
440 1269 492 1318 Do·
523 1266 576 1315 dies
598 1267 670 1330 ejus;
690 1273 809 1331 tanquam
830 1267 876 1316 flos
898 1268 951 1331 agri

155 1331 226 1380 mino
239 1349 245 1380 :
257 1339 282 1381 et
293 1333 378 1381 omnia
389 1348 444 1397 quae
455 1332 492 1381 in·
523 1331 559 1379 sic
570 1329 696 1380 efflorebit

63 1405 105 1445 tra
128 1411 169 1445 me
191 1403 255 1455 sunt,
281 1396 386 1445 Nomini
407 1403 493 1446 sancto
557 1394 682 1457 Quoniam
700 1395 798 1459 spiritus
817 1397 948 1460 pertransi-

64 1460 127 1523 ejus.
379 1474 381 1477 ·
523 1459 562 1507 bit
573 1459 599 1508 in
609 1459 662 1519 illo,
676 1467 700 1508 et
715 1475 766 1508 non
776 1460 891 1509 subsistet
906 1478 913 1509 z
924 1467 949 1508 et

98 1524 215 1584 Benedic‚
239 1525 323 1573 anima
349 1541 413 1585 mea,
439 1526 491 1574 Do·
523 1539 575 1572 non
592 1531 724 1588 cognoscet
742 1524 848 1589 amplius
866 1524 949 1573 locum

62 1588 157 1638 mino:
173 1596 197 1637 et
210 1589 262 1638 noli
277 1589 390 1639 oblivisci
406 1606 492 1639 omnes
523 1603 601 1636 suum.

64 1653 240 1702 retributiones
252 1653 310 1717 ejus.
557 1652 728 1702 Misericordia
743 1660 826 1701 autem
845 1653 950 1701 Domini

98 1717 151 1780 Qui
161 1718 309 1782 propitiatur
320 1717 435 1767 omnibus
446 1719 492 1767 ini·
524 1718 556 1766 ab
572 1724 664 1766 aeterno
679 1735 685 1766 ε
702 1725 726 1766 et
742 1733 820 1781 usque
836 1717 863 1765 in
879 1725 948 1766 aeter-

63 1782 201 1846 quitatibus
212 1783 260 1831 tuis
274 1800 281 1831 r
296 1783 340 1847 qui
354 1791 424 1832 sanat
439 1798 492 1832 om·
523 1795 583 1829 num
594 1797 668 1845 super
677 1783 790 1830 timentes
801 1797 865 1830 eum.

65 1861 111 1894 nes
122 1845 277 1895 infirmitates
288 1853 349 1896 tuas.
557 1845 590 1893 Et
598 1846 693 1908 justitia
704 1846 803 1894 illiusin
813 1845 877 1895 filios
886 1846 947 1895 filio-

98 1909 150 1972 Qui
160 1910 258 1959 redimit
266 1911 299 1959 de
309 1911 407 1960 interitu
416 1910 493 1959 vitam
523 1925 578 1957 rum
590 1909 645 1958 :his
657 1909 699 1974 qui
710 1917 807 1959 servant
819 1917 948 1960 testamen·

65 1983 137 2023 tuam
152 1975 212 2038 :qui
223 1982 325 2024 coronat
339 1982 365 2024 te
379 1976 406 2023 in
420 1977 492 2024 mise·
524 1981 577 2022 tum
588 1974 657 2038 ejus3

64 2038 206 2088 ricordiaet
216 2039 420 2089 miserationibus
531 2055 534 2073 r
557 2038 590 2086 Et
607 2054 728 2087 memores
746 2044 802 2087 sunt
820 2041 948 2088 mandato·

98 2102 150 2166 Qui
168 2103 247 2166 replet
264 2106 290 2152 in
307 2104 379 2152 bonis
397 2104 492 2152 deside·
524 2118 578 2150 rum
590 2102 666 2166 ipsius
680 2120 686 2151 ε
698 2103 730 2151 ad
742 2103 881 2152 faciendum
892 2119 928 2153 ea.

64 2167 129 2215 rium
151 2174 222 2216 tuum
247 2185 254 2216 ε
281 2168 439 2217 renovabitur
465 2176 492 2217 ut
557 2167 680 2216 Dominus
691 2167 717 2216 in
729 2168 793 2216 coelo
803 2169 900 2232 paravit
910 2184 947 2217 se-

65 2231 157 2295 aquilae
165 2231 282 2294 juventus
293 2239 342 2281 tua.
524 2231 581 2278 dem
601 2247 671 2280 suam
686 2248 692 2280 τ
709 2239 734 2280 et
751 2248 854 2295 regnum
870 2233 947 2296 ipsius

98 2296 203 2344 Faciens
212 2296 392 2345 misericordias
404 2297 491 2345 Domi·
524 2296 638 2344 omnibus
649 2296 822 2345 dominabitur.

64 2375 111 2408 nus
125 2377 132 2409 z
147 2367 172 2408 et
185 2359 307 2423 judicium
323 2361 438 2409 omnibus
455 2365 491 2409 in·
556 2359 699 2410 Benedicite
719 2361 836 2421 Domino,
862 2377 947 2410 omnes

62 2424 153 2486 juriam
165 2425 321 2488 patientibus.
523 2424 605 2487 angeli
621 2424 673 2488 ejus
692 2442 699 2474 ε
716 2433 829 2489 potentes
846 2426 944 2485 virtute,

96 2488 179 2537 Notas
190 2489 248 2538 iecit
258 2490 311 2538 vias
320 2505 375 2538 suas
387 2490 470 2553 Moysi
484 2507 491 2539 r
523 2489 640 2538 facientes
651 2489 753 2538 verbum
769 2489 842 2548 illius,
857 2489 889 2537 ad
906 2505 948 2538 au·

65 2551 122 2602 filiis
133 2553 211 2602 lsrael
222 2553 361 2603 voluntates
372 2569 435 2603 suas,
523 2553 640 2601 diendam
646 2569 732 2602 vocem
739 2568 878 2602 sermonum
886 2553 944 2616 ejus.

96 2617 231 2667 Miserator
243 2625 267 2667 et
283 2619 421 2667 misericors
438 2618 491 2667 Do·
557 2617 699 2667 Benedicite
721 2618 839 2676 Domino,
865 2619 948 2666 omnia

64 2681 146 2730 minus
162 2699 169 2730 z
183 2682 332 2746 longanimis
343 2689 368 2731 et
384 2683 491 2731 multum
523 2681 624 2730 virtutes
635 2682 687 2744 ejus
701 2682 825 2730 :ministri
841 2681 948 2745 ejusqui

64 2745 209 2796 misericors.
524 2745 603 2794 facitis
614 2746 766 2795 voluntatem
777 2745 836 2808 ejus.

96 2811 158 2859 Non
166 2811 192 2859 in
200 2818 347 2874 perpetuum
355 2811 490 2861 irascetur:
556 2810 698 2858 Benedicite
720 2810 838 2868 Domino,
863 2825 947 2860 omnes

64 2890 145 2939 neque
159 2875 186 2924 in
200 2882 318 2924 aeternum
330 2875 489 2924 comminabi·
523 2889 598 2937 opera
609 2873 661 2937 ejus
673 2874 717 2923 :in
725 2874 793 2922 omni
804 2873 861 2922 loco
869 2874 948 2923 domi-

64 2949 111 2988 tur.
523 2938 630 2986 nationis
647 2937 717 3001 ejus3
733 2938 846 2998 benedic,
865 2938 948 2989 anima

97 3003 157 3052 Non
168 3003 302 3053 secundum
316 3011 418 3067 peccata
433 3019 489 3052 nos·
522 3017 585 3062 mea,
601 3002 717 3052 Domino.

63 3075 103 3117 tra
119 3067 178 3178 sepit
194 3068 266 3117 nobis
285 3082 388 3132 :neque
403 3083 488 3117 secun-

128 3145 145 3178 2
164 3144 178 3178 a
