<?xml version="1.0" encoding="UTF-8"?>
<!DOCTYPE html PUBLIC "-//W3C//DTD XHTML 1.0 Transitional//EN"
    "http://www.w3.org/TR/xhtml1/DTD/xhtml1-transitional.dtd">
<html xmlns="http://www.w3.org/1999/xhtml" xml:lang="en" lang="en">
 <head>
  <title>
</title>
<meta http-equiv="Content-Type" content="text/html;charset=utf-8" />
  <meta name='ocr-system' content='tesseract 3.04.00' />
  <meta name='ocr-capabilities' content='ocr_page ocr_carea ocr_par ocr_line ocrx_word'/>
</head>
<body>
  <div class='ocr_page' id='page_1' title='image "./liberprecumpubl00briggoog_0288.png"; bbox 0 0 2092 3450; ppageno 0'>
   <div class='ocr_carea' id='block_1_1' title="bbox 79 152 951 220">
    <p class='ocr_par' dir='ltr' id='par_1_1' title="bbox 79 152 951 220">
     <span class='ocr_line' id='line_1_1' title="bbox 79 152 951 220; baseline 0.017 -23"><span class='ocrx_word' id='word_1_1' title='bbox 79 152 140 198; x_wconf 77' lang='lat' dir='ltr'>Dies</span> <span class='ocrx_word' id='word_1_2' title='bbox 158 154 184 200; x_wconf 84' lang='lat' dir='ltr'>V.</span> <span class='ocrx_word' id='word_1_3' title='bbox 361 192 366 201; x_wconf 70' lang='grc'><em>,</em></span> <span class='ocrx_word' id='word_1_4' title='bbox 464 156 573 220; x_wconf 63' lang='lat' dir='ltr'>{isaim</span> <span class='ocrx_word' id='word_1_5' title='bbox 836 167 951 213; x_wconf 66' lang='lat' dir='ltr'>militar.</span> 
     </span>
    </p>
   </div>
   <div class='ocr_carea' id='block_1_2' title="bbox 76 312 1029 3207">
    <p class='ocr_par' dir='ltr' id='par_1_2' title="bbox 82 312 964 444">
     <span class='ocr_line' id='line_1_2' title="bbox 115 312 963 381; baseline 0 -17"><span class='ocrx_word' id='word_1_6' title='bbox 115 312 307 364; x_wconf 83' lang='lat' dir='ltr'>Conlundantur</span> <span class='ocrx_word' id='word_1_7' title='bbox 322 330 408 365; x_wconf 86' lang='lat' dir='ltr'>omnes</span> <span class='ocrx_word' id='word_1_8' title='bbox 424 314 510 381; x_wconf 84' lang='lat' dir='ltr'>iniqua</span> <span class='ocrx_word' id='word_1_9' title='bbox 573 315 755 364; x_wconf 88' lang='lat' dir='ltr'>Tribulationes</span> <span class='ocrx_word' id='word_1_10' title='bbox 761 315 840 364; x_wconf 90' lang='lat' dir='ltr'>cordis</span> <span class='ocrx_word' id='word_1_11' title='bbox 847 317 895 364; x_wconf 89' lang='lat' dir='ltr'>mei</span> <span class='ocrx_word' id='word_1_12' title='bbox 903 319 963 364; x_wconf 87' lang='lat' dir='ltr'>mul-</span> 
     </span>
     <span class='ocr_line' id='line_1_3' title="bbox 82 380 964 444; baseline 0.001 -17"><span class='ocrx_word' id='word_1_13' title='bbox 82 386 183 442; x_wconf 86' lang='lat' dir='ltr'>agentes</span> <span class='ocrx_word' id='word_1_14' title='bbox 194 397 200 428; x_wconf 75' lang='grc' dir='ltr'><strong>ι</strong></span> <span class='ocrx_word' id='word_1_15' title='bbox 211 394 239 428; x_wconf 92' lang='lat' dir='ltr'>su</span> <span class='ocrx_word' id='word_1_16' title='bbox 258 394 366 428; x_wconf 89' lang='lat' dir='ltr'>ervacue.</span> <span class='ocrx_word' id='word_1_17' title='bbox 540 381 657 444; x_wconf 83' lang='lat' dir='ltr'>tiplicatae</span> <span class='ocrx_word' id='word_1_18' title='bbox 673 388 749 429; x_wconf 88' lang='lat' dir='ltr'>sunt:</span> <span class='ocrx_word' id='word_1_19' title='bbox 767 380 799 428; x_wconf 91' lang='lat' dir='ltr'>de</span> <span class='ocrx_word' id='word_1_20' title='bbox 816 383 964 429; x_wconf 86' lang='lat' dir='ltr'>necessitati·</span> 
     </span>
    </p>

    <p class='ocr_par' dir='ltr' id='par_1_3' title="bbox 81 443 962 567">
     <span class='ocr_line' id='line_1_4' title="bbox 115 443 783 503; baseline 0.003 -12"><span class='ocrx_word' id='word_1_21' title='bbox 115 443 242 502; x_wconf 88' lang='lat' dir='ltr'>Viastuas,</span> <span class='ocrx_word' id='word_1_22' title='bbox 272 444 362 503; x_wconf 87' lang='lat' dir='ltr'>omine,</span> <span class='ocrx_word' id='word_1_23' title='bbox 368 444 510 494; x_wconf 85' lang='lat' dir='ltr'>demonstra</span> <span class='ocrx_word' id='word_1_24' title='bbox 540 445 586 494; x_wconf 94' lang='lat' dir='ltr'>bus</span> <span class='ocrx_word' id='word_1_25' title='bbox 596 445 658 493; x_wconf 91' lang='lat' dir='ltr'>meis</span> <span class='ocrx_word' id='word_1_26' title='bbox 669 460 726 494; x_wconf 90' lang='lat' dir='ltr'>eruc</span> <span class='ocrx_word' id='word_1_27' title='bbox 737 459 783 493; x_wconf 91' lang='lat' dir='ltr'>me.</span> 
     </span>
     <span class='ocr_line' id='line_1_5' title="bbox 81 507 962 567; baseline 0.001 -11"><span class='ocrx_word' id='word_1_28' title='bbox 81 507 144 556; x_wconf 91' lang='lat' dir='ltr'>mihi</span> <span class='ocrx_word' id='word_1_29' title='bbox 155 525 162 555; x_wconf 73' lang='grc' dir='ltr'><strong><em>ε</em></strong></span> <span class='ocrx_word' id='word_1_30' title='bbox 173 515 198 556; x_wconf 90' lang='lat' dir='ltr'>et</span> <span class='ocrx_word' id='word_1_31' title='bbox 206 508 305 556; x_wconf 88' lang='lat' dir='ltr'>semitas</span> <span class='ocrx_word' id='word_1_32' title='bbox 314 515 367 556; x_wconf 87' lang='lat' dir='ltr'>tuas</span> <span class='ocrx_word' id='word_1_33' title='bbox 374 509 449 558; x_wconf 91' lang='lat' dir='ltr'>edoce</span> <span class='ocrx_word' id='word_1_34' title='bbox 457 525 505 559; x_wconf 89' lang='lat' dir='ltr'>me.</span> <span class='ocrx_word' id='word_1_35' title='bbox 572 509 638 558; x_wconf 91' lang='lat' dir='ltr'>Vide</span> <span class='ocrx_word' id='word_1_36' title='bbox 653 509 817 558; x_wconf 84' lang='lat' dir='ltr'>humilitatem</span> <span class='ocrx_word' id='word_1_37' title='bbox 834 524 922 567; x_wconf 89' lang='lat' dir='ltr'>meam,</span> <span class='ocrx_word' id='word_1_38' title='bbox 940 517 962 557; x_wconf 86' lang='lat' dir='ltr'>ct</span> 
     </span>
    </p>

    <p class='ocr_par' dir='ltr' id='par_1_4' title="bbox 80 571 1029 830">
     <span class='ocr_line' id='line_1_6' title="bbox 115 571 963 635; baseline 0.001 -15"><span class='ocrx_word' id='word_1_39' title='bbox 115 571 203 635; x_wconf 86' lang='lat' dir='ltr'>Dirige</span> <span class='ocrx_word' id='word_1_40' title='bbox 213 587 254 621; x_wconf 89' lang='lat' dir='ltr'>mc</span> <span class='ocrx_word' id='word_1_41' title='bbox 265 573 291 620; x_wconf 90' lang='lat' dir='ltr'>in</span> <span class='ocrx_word' id='word_1_42' title='bbox 301 573 404 622; x_wconf 87' lang='lat' dir='ltr'>veritate</span> <span class='ocrx_word' id='word_1_43' title='bbox 421 581 470 633; x_wconf 83' lang='lat' dir='ltr'>tua,</span> <span class='ocrx_word' id='word_1_44' title='bbox 484 581 509 622; x_wconf 87' lang='lat' dir='ltr'>et</span> <span class='ocrx_word' id='word_1_45' title='bbox 539 573 649 622; x_wconf 89' lang='lat' dir='ltr'>laborem</span> <span class='ocrx_word' id='word_1_46' title='bbox 657 589 740 623; x_wconf 89' lang='lat' dir='ltr'>meum</span> <span class='ocrx_word' id='word_1_47' title='bbox 752 591 759 622; x_wconf 77' lang='lat' dir='ltr'>r</span> <span class='ocrx_word' id='word_1_48' title='bbox 770 581 794 622; x_wconf 94' lang='lat' dir='ltr'>et</span> <span class='ocrx_word' id='word_1_49' title='bbox 802 573 900 622; x_wconf 82' lang='lat' dir='ltr'>dimitte</span> <span class='ocrx_word' id='word_1_50' title='bbox 911 576 963 622; x_wconf 88' lang='lat' dir='ltr'>uni-</span> 
     </span>
     <span class='ocr_line' id='line_1_7' title="bbox 81 636 1029 700; baseline 0.004 -16"><span class='ocrx_word' id='word_1_51' title='bbox 81 636 145 684; x_wconf 90' lang='lat' dir='ltr'>doce</span> <span class='ocrx_word' id='word_1_52' title='bbox 157 637 287 700; x_wconf 77' lang='lat' dir='ltr'>merquia</span> <span class='ocrx_word' id='word_1_53' title='bbox 298 638 442 686; x_wconf 87' lang='lat' dir='ltr'>tuesDeus</span> <span class='ocrx_word' id='word_1_54' title='bbox 454 637 507 688; x_wconf 89' lang='lat' dir='ltr'>Sal·</span> <span class='ocrx_word' id='word_1_55' title='bbox 539 653 608 686; x_wconf 90' lang='lat' dir='ltr'>versa</span> <span class='ocrx_word' id='word_1_56' title='bbox 619 638 711 687; x_wconf 88' lang='lat' dir='ltr'>delicta</span> <span class='ocrx_word' id='word_1_57' title='bbox 720 653 783 687; x_wconf 80' lang='lat' dir='ltr'>mea</span> <span class='ocrx_word' id='word_1_58' title='bbox 1027 690 1029 694; x_wconf 85' lang='lat'><em>.</em></span> 
     </span>
     <span class='ocr_line' id='line_1_8' title="bbox 80 702 963 766; baseline 0.005 -19"><span class='ocrx_word' id='word_1_59' title='bbox 80 708 153 748; x_wconf 88' lang='lat' dir='ltr'>vator</span> <span class='ocrx_word' id='word_1_60' title='bbox 169 716 245 761; x_wconf 89' lang='lat' dir='ltr'>meus,</span> <span class='ocrx_word' id='word_1_61' title='bbox 260 708 284 749; x_wconf 89' lang='lat' dir='ltr'>et</span> <span class='ocrx_word' id='word_1_62' title='bbox 300 709 326 749; x_wconf 92' lang='lat' dir='ltr'>te</span> <span class='ocrx_word' id='word_1_63' title='bbox 341 702 445 751; x_wconf 88' lang='lat' dir='ltr'>sustinui</span> <span class='ocrx_word' id='word_1_64' title='bbox 457 709 509 751; x_wconf 87' lang='lat' dir='ltr'>tota</span> <span class='ocrx_word' id='word_1_65' title='bbox 573 702 678 766; x_wconf 86' lang='lat' dir='ltr'>Respice</span> <span class='ocrx_word' id='word_1_66' title='bbox 689 703 802 751; x_wconf 90' lang='lat' dir='ltr'>inimicos</span> <span class='ocrx_word' id='word_1_67' title='bbox 813 717 889 761; x_wconf 90' lang='lat' dir='ltr'>meos,</span> <span class='ocrx_word' id='word_1_68' title='bbox 904 719 963 766; x_wconf 91' lang='lat' dir='ltr'>quo·</span> 
     </span>
     <span class='ocr_line' id='line_1_9' title="bbox 81 765 964 830; baseline 0.003 -18"><span class='ocrx_word' id='word_1_69' title='bbox 81 765 130 813; x_wconf 91' lang='lat' dir='ltr'>die.</span> <span class='ocrx_word' id='word_1_70' title='bbox 476 780 479 788; x_wconf 94' lang='lat'>·</span> <span class='ocrx_word' id='word_1_71' title='bbox 539 766 606 814; x_wconf 89' lang='lat' dir='ltr'>niam</span> <span class='ocrx_word' id='word_1_72' title='bbox 614 766 777 830; x_wconf 90' lang='lat' dir='ltr'>multiplicata</span> <span class='ocrx_word' id='word_1_73' title='bbox 785 775 841 816; x_wconf 89' lang='lat' dir='ltr'>sunt</span> <span class='ocrx_word' id='word_1_74' title='bbox 853 785 858 816; x_wconf 92' lang='lat'><strong>:</strong></span> <span class='ocrx_word' id='word_1_75' title='bbox 871 775 894 816; x_wconf 88' lang='lat' dir='ltr'>et</span> <span class='ocrx_word' id='word_1_76' title='bbox 906 768 964 815; x_wconf 88' lang='lat' dir='ltr'>odio</span> 
     </span>
    </p>

    <p class='ocr_par' dir='ltr' id='par_1_5' title="bbox 80 828 963 1088">
     <span class='ocr_line' id='line_1_10' title="bbox 115 828 796 894; baseline 0.004 -17"><span class='ocrx_word' id='word_1_77' title='bbox 115 828 281 878; x_wconf 92' lang='lat' dir='ltr'>Reminiscere</span> <span class='ocrx_word' id='word_1_78' title='bbox 323 830 507 880; x_wconf 84' lang='lat' dir='ltr'>miserationum</span> <span class='ocrx_word' id='word_1_79' title='bbox 539 831 623 894; x_wconf 90' lang='lat' dir='ltr'>iniquo</span> <span class='ocrx_word' id='word_1_80' title='bbox 635 831 739 880; x_wconf 88' lang='lat' dir='ltr'>oderunt</span> <span class='ocrx_word' id='word_1_81' title='bbox 748 846 796 880; x_wconf 89' lang='lat' dir='ltr'>me.</span> 
     </span>
     <span class='ocr_line' id='line_1_11' title="bbox 80 893 963 955; baseline 0.002 -13"><span class='ocrx_word' id='word_1_82' title='bbox 80 900 187 952; x_wconf 88' lang='lat' dir='ltr'>tuarum,</span> <span class='ocrx_word' id='word_1_83' title='bbox 199 893 362 943; x_wconf 73' lang='lat' dir='ltr'>Domineret</span> <span class='ocrx_word' id='word_1_84' title='bbox 372 895 507 944; x_wconf 88' lang='lat' dir='ltr'>misericor·</span> <span class='ocrx_word' id='word_1_85' title='bbox 572 895 676 944; x_wconf 83' lang='lat' dir='ltr'>Custodi</span> <span class='ocrx_word' id='word_1_86' title='bbox 698 896 806 944; x_wconf 84' lang='lat' dir='ltr'>animam</span> <span class='ocrx_word' id='word_1_87' title='bbox 824 911 913 955; x_wconf 89' lang='lat' dir='ltr'>meam,</span> <span class='ocrx_word' id='word_1_88' title='bbox 940 905 963 944; x_wconf 86' lang='lat' dir='ltr'>et</span> 
     </span>
     <span class='ocr_line' id='line_1_12' title="bbox 80 957 962 1024; baseline 0.003 -19"><span class='ocrx_word' id='word_1_89' title='bbox 80 957 178 1006; x_wconf 90' lang='lat' dir='ltr'>diarum</span> <span class='ocrx_word' id='word_1_90' title='bbox 194 965 299 1017; x_wconf 88' lang='lat' dir='ltr'>tuamm,</span> <span class='ocrx_word' id='word_1_91' title='bbox 315 974 370 1023; x_wconf 88' lang='lat' dir='ltr'>quae</span> <span class='ocrx_word' id='word_1_92' title='bbox 387 975 403 1007; x_wconf 92' lang='lat' dir='ltr'>a</span> <span class='ocrx_word' id='word_1_93' title='bbox 418 960 507 1009; x_wconf 87' lang='lat' dir='ltr'>saeculo</span> <span class='ocrx_word' id='word_1_94' title='bbox 540 974 596 1008; x_wconf 90' lang='lat' dir='ltr'>erue</span> <span class='ocrx_word' id='word_1_95' title='bbox 604 975 645 1008; x_wconf 93' lang='lat' dir='ltr'>me</span> <span class='ocrx_word' id='word_1_96' title='bbox 660 977 666 1008; x_wconf 91' lang='lat'>:</span> <span class='ocrx_word' id='word_1_97' title='bbox 680 975 731 1008; x_wconf 91' lang='lat' dir='ltr'>non</span> <span class='ocrx_word' id='word_1_98' title='bbox 742 960 891 1019; x_wconf 77' lang='lat' dir='ltr'>erubescam,</span> <span class='ocrx_word' id='word_1_99' title='bbox 903 977 962 1024; x_wconf 89' lang='lat' dir='ltr'>quo·</span> 
     </span>
     <span class='ocr_line' id='line_1_13' title="bbox 81 1024 791 1088; baseline 0.004 -18"><span class='ocrx_word' id='word_1_100' title='bbox 81 1029 145 1070; x_wconf 83' lang='lat' dir='ltr'>sunt</span> <span class='ocrx_word' id='word_1_101' title='bbox 539 1024 606 1071; x_wconf 93' lang='lat' dir='ltr'>niam</span> <span class='ocrx_word' id='word_1_102' title='bbox 617 1025 712 1088; x_wconf 85' lang='lat' dir='ltr'>speravi</span> <span class='ocrx_word' id='word_1_103' title='bbox 724 1024 749 1072; x_wconf 89' lang='lat' dir='ltr'>in</span> <span class='ocrx_word' id='word_1_104' title='bbox 760 1032 791 1073; x_wconf 89' lang='lat' dir='ltr'>te.</span> 
     </span>
    </p>

    <p class='ocr_par' dir='ltr' id='par_1_6' title="bbox 80 1085 962 1217">
     <span class='ocr_line' id='line_1_14' title="bbox 114 1085 962 1151; baseline 0.001 -16"><span class='ocrx_word' id='word_1_105' title='bbox 114 1086 214 1135; x_wconf 80' lang='lat' dir='ltr'>Delicta</span> <span class='ocrx_word' id='word_1_106' title='bbox 230 1085 364 1151; x_wconf 80' lang='lat' dir='ltr'>juventutis</span> <span class='ocrx_word' id='word_1_107' title='bbox 383 1103 466 1137; x_wconf 88' lang='lat' dir='ltr'>meae:</span> <span class='ocrx_word' id='word_1_108' title='bbox 483 1096 507 1138; x_wconf 93' lang='lat' dir='ltr'>et</span> <span class='ocrx_word' id='word_1_109' title='bbox 572 1089 720 1138; x_wconf 88' lang='lat' dir='ltr'>Innocentes</span> <span class='ocrx_word' id='word_1_110' title='bbox 739 1095 763 1137; x_wconf 89' lang='lat' dir='ltr'>et</span> <span class='ocrx_word' id='word_1_111' title='bbox 779 1089 838 1138; x_wconf 88' lang='lat' dir='ltr'>recti</span> <span class='ocrx_word' id='word_1_112' title='bbox 855 1089 962 1138; x_wconf 78' lang='lat' dir='ltr'>adhaese·</span> 
     </span>
     <span class='ocr_line' id='line_1_15' title="bbox 80 1151 910 1217; baseline 0.004 -19"><span class='ocrx_word' id='word_1_113' title='bbox 80 1151 233 1214; x_wconf 84' lang='lat' dir='ltr'>ignorantias</span> <span class='ocrx_word' id='word_1_114' title='bbox 241 1167 308 1201; x_wconf 89' lang='lat' dir='ltr'>meas</span> <span class='ocrx_word' id='word_1_115' title='bbox 317 1168 348 1201; x_wconf 89' lang='lat' dir='ltr'>ne</span> <span class='ocrx_word' id='word_1_116' title='bbox 356 1153 502 1202; x_wconf 89' lang='lat' dir='ltr'>memineris.</span> <span class='ocrx_word' id='word_1_117' title='bbox 539 1160 594 1200; x_wconf 90' lang='lat' dir='ltr'>runt</span> <span class='ocrx_word' id='word_1_118' title='bbox 606 1153 667 1201; x_wconf 90' lang='lat' dir='ltr'>mihi</span> <span class='ocrx_word' id='word_1_119' title='bbox 679 1171 685 1201; x_wconf 92' lang='lat'><strong>:</strong></span> <span class='ocrx_word' id='word_1_120' title='bbox 697 1153 756 1217; x_wconf 90' lang='lat' dir='ltr'>quia</span> <span class='ocrx_word' id='word_1_121' title='bbox 766 1153 868 1201; x_wconf 88' lang='lat' dir='ltr'>sustinui</span> <span class='ocrx_word' id='word_1_122' title='bbox 881 1161 910 1202; x_wconf 90' lang='lat' dir='ltr'>te.</span> 
     </span>
    </p>

    <p class='ocr_par' dir='ltr' id='par_1_7' title="bbox 80 1215 962 1404">
     <span class='ocr_line' id='line_1_16' title="bbox 115 1215 962 1276; baseline 0.001 -12"><span class='ocrx_word' id='word_1_123' title='bbox 115 1215 257 1264; x_wconf 90' lang='lat' dir='ltr'>Secundum</span> <span class='ocrx_word' id='word_1_124' title='bbox 315 1217 506 1266; x_wconf 86' lang='lat' dir='ltr'>misericordiam</span> <span class='ocrx_word' id='word_1_125' title='bbox 571 1217 668 1275; x_wconf 86' lang='lat' dir='ltr'>Libera,</span> <span class='ocrx_word' id='word_1_126' title='bbox 681 1218 757 1276; x_wconf 87' lang='lat' dir='ltr'>Deus,</span> <span class='ocrx_word' id='word_1_127' title='bbox 768 1217 902 1266; x_wconf 74' lang='lat' dir='ltr'>Israet:ex</span> <span class='ocrx_word' id='word_1_128' title='bbox 911 1233 962 1266; x_wconf 92' lang='lat' dir='ltr'>om·</span> 
     </span>
     <span class='ocr_line' id='line_1_17' title="bbox 80 1281 886 1346; baseline 0.002 -19"><span class='ocrx_word' id='word_1_129' title='bbox 80 1287 150 1328; x_wconf 88' lang='lat' dir='ltr'>tuam</span> <span class='ocrx_word' id='word_1_130' title='bbox 166 1289 291 1329; x_wconf 90' lang='lat' dir='ltr'>memento</span> <span class='ocrx_word' id='word_1_131' title='bbox 306 1281 355 1330; x_wconf 89' lang='lat' dir='ltr'>mei</span> <span class='ocrx_word' id='word_1_132' title='bbox 368 1288 394 1329; x_wconf 88' lang='lat' dir='ltr'>tu</span> <span class='ocrx_word' id='word_1_133' title='bbox 409 1298 416 1330; x_wconf 77' lang='lat' dir='ltr'>r</span> <span class='ocrx_word' id='word_1_134' title='bbox 432 1297 506 1346; x_wconf 91' lang='lat' dir='ltr'>prop·</span> <span class='ocrx_word' id='word_1_135' title='bbox 538 1281 610 1330; x_wconf 89' lang='lat' dir='ltr'>nibus</span> <span class='ocrx_word' id='word_1_136' title='bbox 621 1282 819 1331; x_wconf 87' lang='lat' dir='ltr'>tribulationibus</span> <span class='ocrx_word' id='word_1_137' title='bbox 830 1282 886 1331; x_wconf 81' lang='lat' dir='ltr'>suis</span> 
     </span>
     <span class='ocr_line' id='line_1_18' title="bbox 80 1344 482 1404; baseline 0.007 -13"><span class='ocrx_word' id='word_1_138' title='bbox 80 1353 119 1392; x_wconf 86' lang='lat' dir='ltr'>ter</span> <span class='ocrx_word' id='word_1_139' title='bbox 128 1344 265 1393; x_wconf 84' lang='lat' dir='ltr'>bonitatem</span> <span class='ocrx_word' id='word_1_140' title='bbox 277 1352 352 1404; x_wconf 91' lang='lat' dir='ltr'>tuam,</span> <span class='ocrx_word' id='word_1_141' title='bbox 367 1346 482 1394; x_wconf 88' lang='lat' dir='ltr'>Domine.</span> 
     </span>
    </p>

    <p class='ocr_par' dir='ltr' id='par_1_8' title="bbox 79 1407 961 1601">
     <span class='ocr_line' id='line_1_19' title="bbox 114 1407 860 1485; baseline 0.003 -29"><span class='ocrx_word' id='word_1_142' title='bbox 114 1407 202 1457; x_wconf 91' lang='lat' dir='ltr'>Dulcis</span> <span class='ocrx_word' id='word_1_143' title='bbox 221 1416 245 1457; x_wconf 89' lang='lat' dir='ltr'>et</span> <span class='ocrx_word' id='word_1_144' title='bbox 260 1416 345 1458; x_wconf 87' lang='lat' dir='ltr'>rectus</span> <span class='ocrx_word' id='word_1_145' title='bbox 364 1411 506 1459; x_wconf 86' lang='lat' dir='ltr'>Dominus:</span> <span class='ocrx_word' id='word_1_146' title='bbox 626 1435 754 1485; x_wconf 72' lang='lat' dir='ltr'>Psrmus</span> <span class='ocrx_word' id='word_1_147' title='bbox 771 1434 860 1485; x_wconf 73' lang='lat' dir='ltr'><strong>XXVI</strong></span> 
     </span>
     <span class='ocr_line' id='line_1_20' title="bbox 80 1473 867 1536; baseline 0.005 -16"><span class='ocrx_word' id='word_1_148' title='bbox 80 1479 183 1536; x_wconf 90' lang='lat' dir='ltr'>propter</span> <span class='ocrx_word' id='word_1_149' title='bbox 193 1473 241 1521; x_wconf 94' lang='lat' dir='ltr'>hoc</span> <span class='ocrx_word' id='word_1_150' title='bbox 257 1473 337 1536; x_wconf 86' lang='lat' dir='ltr'>legem</span> <span class='ocrx_word' id='word_1_151' title='bbox 348 1473 418 1522; x_wconf 89' lang='lat' dir='ltr'>dabit</span> <span class='ocrx_word' id='word_1_152' title='bbox 429 1474 505 1522; x_wconf 91' lang='lat' dir='ltr'>delin·</span> <span class='ocrx_word' id='word_1_153' title='bbox 862 1473 867 1485; x_wconf 87' lang='lat'>&#39;</span> 
     </span>
     <span class='ocr_line' id='line_1_21' title="bbox 79 1537 961 1601; baseline 0 -17"><span class='ocrx_word' id='word_1_154' title='bbox 79 1537 212 1601; x_wconf 88' lang='lat' dir='ltr'>quentibus</span> <span class='ocrx_word' id='word_1_155' title='bbox 223 1537 249 1585; x_wconf 92' lang='lat' dir='ltr'>in</span> <span class='ocrx_word' id='word_1_156' title='bbox 259 1541 306 1586; x_wconf 87' lang='lat' dir='ltr'>via.</span> <span class='ocrx_word' id='word_1_157' title='bbox 582 1537 696 1587; x_wconf 88' lang='lat' dir='ltr'>UDICA</span> <span class='ocrx_word' id='word_1_158' title='bbox 709 1554 757 1597; x_wconf 89' lang='lat' dir='ltr'>me,</span> <span class='ocrx_word' id='word_1_159' title='bbox 771 1538 888 1596; x_wconf 86' lang='lat' dir='ltr'>Domine,</span> <span class='ocrx_word' id='word_1_160' title='bbox 902 1553 961 1600; x_wconf 92' lang='lat' dir='ltr'>quo·</span> 
     </span>
    </p>

    <p class='ocr_par' dir='ltr' id='par_1_9' title="bbox 80 1540 962 1730">
     <span class='ocr_line' id='line_1_22' title="bbox 113 1540 962 1688; baseline 0.001 -40"><span class='ocrx_word' id='word_1_161' title='bbox 113 1600 505 1666; x_wconf 86' lang='lat' dir='ltr'>Dirigetmansuetosinjudicio:</span> <span class='ocrx_word' id='word_1_162' title='bbox 542 1540 575 1688; x_wconf 72' lang='lat' dir='ltr'>J</span> <span class='ocrx_word' id='word_1_163' title='bbox 599 1603 665 1650; x_wconf 90' lang='lat' dir='ltr'>niam</span> <span class='ocrx_word' id='word_1_164' title='bbox 673 1603 899 1666; x_wconf 80' lang='lat' dir='ltr'>egoininnoceutia</span> <span class='ocrx_word' id='word_1_165' title='bbox 907 1619 962 1650; x_wconf 87' lang='lat' dir='ltr'>mea</span> 
     </span>
     <span class='ocr_line' id='line_1_23' title="bbox 80 1664 960 1730; baseline 0.002 -18"><span class='ocrx_word' id='word_1_166' title='bbox 80 1664 180 1714; x_wconf 86' lang='lat' dir='ltr'>docebit</span> <span class='ocrx_word' id='word_1_167' title='bbox 192 1666 263 1715; x_wconf 90' lang='lat' dir='ltr'>mites</span> <span class='ocrx_word' id='word_1_168' title='bbox 275 1667 326 1714; x_wconf 87' lang='lat' dir='ltr'>vias</span> <span class='ocrx_word' id='word_1_169' title='bbox 338 1683 399 1716; x_wconf 87' lang='lat' dir='ltr'>suas.</span> <span class='ocrx_word' id='word_1_170' title='bbox 597 1667 719 1730; x_wconf 88' lang='lat' dir='ltr'>ingressus</span> <span class='ocrx_word' id='word_1_171' title='bbox 736 1682 790 1715; x_wconf 90' lang='lat' dir='ltr'>sum</span> <span class='ocrx_word' id='word_1_172' title='bbox 805 1685 811 1716; x_wconf 92' lang='lat'><strong>:</strong></span> <span class='ocrx_word' id='word_1_173' title='bbox 828 1674 853 1714; x_wconf 94' lang='lat' dir='ltr'>et</span> <span class='ocrx_word' id='word_1_174' title='bbox 866 1667 892 1714; x_wconf 92' lang='lat' dir='ltr'>in</span> <span class='ocrx_word' id='word_1_175' title='bbox 909 1667 960 1714; x_wconf 93' lang='lat' dir='ltr'>Do·</span> 
     </span>
    </p>

    <p class='ocr_par' dir='ltr' id='par_1_10' title="bbox 79 1729 962 1986">
     <span class='ocr_line' id='line_1_24' title="bbox 115 1729 938 1794; baseline 0 -16"><span class='ocrx_word' id='word_1_176' title='bbox 115 1729 243 1778; x_wconf 87' lang='lat' dir='ltr'>Universae</span> <span class='ocrx_word' id='word_1_177' title='bbox 250 1731 296 1779; x_wconf 90' lang='lat' dir='ltr'>viae</span> <span class='ocrx_word' id='word_1_178' title='bbox 303 1731 406 1780; x_wconf 89' lang='lat' dir='ltr'>Domini</span> <span class='ocrx_word' id='word_1_179' title='bbox 413 1732 505 1781; x_wconf 90' lang='lat' dir='ltr'>miseri·</span> <span class='ocrx_word' id='word_1_180' title='bbox 536 1731 605 1778; x_wconf 93' lang='lat' dir='ltr'>mino</span> <span class='ocrx_word' id='word_1_181' title='bbox 616 1747 716 1794; x_wconf 89' lang='lat' dir='ltr'>sperans</span> <span class='ocrx_word' id='word_1_182' title='bbox 728 1730 938 1779; x_wconf 86' lang='lat' dir='ltr'>noninfirmabor.</span> 
     </span>
     <span class='ocr_line' id='line_1_25' title="bbox 79 1794 962 1859; baseline 0.001 -18"><span class='ocrx_word' id='word_1_183' title='bbox 79 1794 165 1842; x_wconf 88' lang='lat' dir='ltr'>cordia</span> <span class='ocrx_word' id='word_1_184' title='bbox 176 1800 200 1842; x_wconf 86' lang='lat' dir='ltr'>et</span> <span class='ocrx_word' id='word_1_185' title='bbox 211 1795 298 1843; x_wconf 88' lang='lat' dir='ltr'>veritas</span> <span class='ocrx_word' id='word_1_186' title='bbox 310 1812 316 1843; x_wconf 76' lang='lat' dir='ltr'>r</span> <span class='ocrx_word' id='word_1_187' title='bbox 328 1796 507 1859; x_wconf 88' lang='lat' dir='ltr'>requirentibus</span> <span class='ocrx_word' id='word_1_188' title='bbox 571 1796 652 1844; x_wconf 88' lang='lat' dir='ltr'>Proba</span> <span class='ocrx_word' id='word_1_189' title='bbox 665 1811 713 1854; x_wconf 90' lang='lat' dir='ltr'>me,</span> <span class='ocrx_word' id='word_1_190' title='bbox 728 1795 844 1855; x_wconf 86' lang='lat' dir='ltr'>Domine,</span> <span class='ocrx_word' id='word_1_191' title='bbox 858 1802 882 1843; x_wconf 91' lang='lat' dir='ltr'>et</span> <span class='ocrx_word' id='word_1_192' title='bbox 895 1803 962 1843; x_wconf 83' lang='lat' dir='ltr'>tenta</span> 
     </span>
     <span class='ocr_line' id='line_1_26' title="bbox 79 1859 962 1922; baseline 0 -16"><span class='ocrx_word' id='word_1_193' title='bbox 79 1865 254 1907; x_wconf 78' lang='lat' dir='ltr'>testamentum</span> <span class='ocrx_word' id='word_1_194' title='bbox 267 1859 319 1922; x_wconf 88' lang='lat' dir='ltr'>ejus</span> <span class='ocrx_word' id='word_1_195' title='bbox 331 1867 355 1908; x_wconf 94' lang='lat' dir='ltr'>et</span> <span class='ocrx_word' id='word_1_196' title='bbox 366 1861 507 1909; x_wconf 90' lang='lat' dir='ltr'>testimonia</span> <span class='ocrx_word' id='word_1_197' title='bbox 536 1874 576 1907; x_wconf 89' lang='lat' dir='ltr'>me</span> <span class='ocrx_word' id='word_1_198' title='bbox 597 1876 603 1908; x_wconf 92' lang='lat'><strong>:</strong></span> <span class='ocrx_word' id='word_1_199' title='bbox 626 1875 669 1908; x_wconf 90' lang='lat' dir='ltr'>ure</span> <span class='ocrx_word' id='word_1_200' title='bbox 690 1875 760 1908; x_wconf 91' lang='lat' dir='ltr'>renes</span> <span class='ocrx_word' id='word_1_201' title='bbox 782 1874 850 1908; x_wconf 92' lang='lat' dir='ltr'>meos</span> <span class='ocrx_word' id='word_1_202' title='bbox 873 1868 897 1908; x_wconf 93' lang='lat' dir='ltr'>et</span> <span class='ocrx_word' id='word_1_203' title='bbox 920 1875 962 1907; x_wconf 88' lang='lat' dir='ltr'>cor</span> 
     </span>
     <span class='ocr_line' id='line_1_27' title="bbox 80 1922 625 1986; baseline 0.006 -17"><span class='ocrx_word' id='word_1_204' title='bbox 80 1922 139 1986; x_wconf 86' lang='lat' dir='ltr'>ejus.</span> <span class='ocrx_word' id='word_1_205' title='bbox 536 1939 625 1972; x_wconf 90' lang='lat' dir='ltr'>meum.</span> 
     </span>
    </p>

    <p class='ocr_par' dir='ltr' id='par_1_11' title="bbox 78 1987 960 2181">
     <span class='ocr_line' id='line_1_28' title="bbox 98 1987 960 2051; baseline 0 -17"><span class='ocrx_word' id='word_1_206' title='bbox 98 1987 217 2051; x_wconf 86' lang='lat' dir='ltr'>-Propter</span> <span class='ocrx_word' id='word_1_207' title='bbox 233 1987 334 2037; x_wconf 87' lang='lat' dir='ltr'>Nomen</span> <span class='ocrx_word' id='word_1_208' title='bbox 353 1995 429 2048; x_wconf 89' lang='lat' dir='ltr'>tuum,</span> <span class='ocrx_word' id='word_1_209' title='bbox 452 1990 504 2038; x_wconf 92' lang='lat' dir='ltr'>Do·</span> <span class='ocrx_word' id='word_1_210' title='bbox 569 1989 694 2050; x_wconf 83' lang='lat' dir='ltr'>Quoniam</span> <span class='ocrx_word' id='word_1_211' title='bbox 724 1989 890 2037; x_wconf 86' lang='lat' dir='ltr'>misericordia</span> <span class='ocrx_word' id='word_1_212' title='bbox 919 1995 960 2035; x_wconf 88' lang='lat' dir='ltr'>tua</span> 
     </span>
     <span class='ocr_line' id='line_1_29' title="bbox 78 2051 959 2118; baseline 0.001 -20"><span class='ocrx_word' id='word_1_213' title='bbox 78 2051 154 2111; x_wconf 91' lang='lat' dir='ltr'>mine,</span> <span class='ocrx_word' id='word_1_214' title='bbox 189 2052 365 2116; x_wconf 67' lang='lat' dir='ltr'>,propitiaberis</span> <span class='ocrx_word' id='word_1_215' title='bbox 403 2062 504 2118; x_wconf 85' lang='lat' dir='ltr'>peccato</span> <span class='ocrx_word' id='word_1_216' title='bbox 536 2060 593 2101; x_wconf 88' lang='lat' dir='ltr'>ante</span> <span class='ocrx_word' id='word_1_217' title='bbox 604 2052 688 2101; x_wconf 88' lang='lat' dir='ltr'>oculos</span> <span class='ocrx_word' id='word_1_218' title='bbox 704 2069 773 2102; x_wconf 89' lang='lat' dir='ltr'>meos</span> <span class='ocrx_word' id='word_1_219' title='bbox 784 2061 820 2102; x_wconf 89' lang='lat' dir='ltr'>est</span> <span class='ocrx_word' id='word_1_220' title='bbox 836 2071 841 2102; x_wconf 91' lang='lat'><strong>:</strong></span> <span class='ocrx_word' id='word_1_221' title='bbox 859 2061 882 2101; x_wconf 93' lang='lat' dir='ltr'>et</span> <span class='ocrx_word' id='word_1_222' title='bbox 894 2068 959 2100; x_wconf 89' lang='lat' dir='ltr'>com·</span> 
     </span>
     <span class='ocr_line' id='line_1_30' title="bbox 78 2116 827 2181; baseline 0.003 -18"><span class='ocrx_word' id='word_1_223' title='bbox 78 2130 136 2164; x_wconf 91' lang='lat' dir='ltr'>meo</span> <span class='ocrx_word' id='word_1_224' title='bbox 148 2133 155 2165; x_wconf 76' lang='lat' dir='ltr'>r</span> <span class='ocrx_word' id='word_1_225' title='bbox 166 2116 271 2165; x_wconf 90' lang='lat' dir='ltr'>multum</span> <span class='ocrx_word' id='word_1_226' title='bbox 282 2125 319 2165; x_wconf 90' lang='lat' dir='ltr'>est</span> <span class='ocrx_word' id='word_1_227' title='bbox 330 2118 403 2166; x_wconf 87' lang='lat' dir='ltr'>enim.</span> <span class='ocrx_word' id='word_1_228' title='bbox 536 2116 616 2181; x_wconf 89' lang='lat' dir='ltr'>placui</span> <span class='ocrx_word' id='word_1_229' title='bbox 628 2118 767 2166; x_wconf 92' lang='lat' dir='ltr'>inveritate</span> <span class='ocrx_word' id='word_1_230' title='bbox 779 2127 827 2165; x_wconf 93' lang='lat' dir='ltr'>tua.</span> 
     </span>
    </p>

    <p class='ocr_par' dir='ltr' id='par_1_12' title="bbox 77 2179 959 2372">
     <span class='ocr_line' id='line_1_31' title="bbox 112 2179 959 2244; baseline -0.001 -16"><span class='ocrx_word' id='word_1_231' title='bbox 112 2179 175 2242; x_wconf 87' lang='lat' dir='ltr'>Quis</span> <span class='ocrx_word' id='word_1_232' title='bbox 186 2187 222 2229; x_wconf 87' lang='lat' dir='ltr'>est</span> <span class='ocrx_word' id='word_1_233' title='bbox 233 2181 309 2230; x_wconf 90' lang='lat' dir='ltr'>homo</span> <span class='ocrx_word' id='word_1_234' title='bbox 319 2184 362 2244; x_wconf 94' lang='lat' dir='ltr'>qui</span> <span class='ocrx_word' id='word_1_235' title='bbox 373 2182 442 2230; x_wconf 88' lang='lat' dir='ltr'>timet</span> <span class='ocrx_word' id='word_1_236' title='bbox 452 2183 503 2231; x_wconf 93' lang='lat' dir='ltr'>Do·</span> <span class='ocrx_word' id='word_1_237' title='bbox 568 2181 593 2228; x_wconf 95' lang='lat' dir='ltr'>N</span> <span class='ocrx_word' id='word_1_238' title='bbox 595 2197 628 2230; x_wconf 93' lang='lat' dir='ltr'>on</span> <span class='ocrx_word' id='word_1_239' title='bbox 639 2182 692 2230; x_wconf 90' lang='lat' dir='ltr'>sedi</span> <span class='ocrx_word' id='word_1_240' title='bbox 705 2197 759 2230; x_wconf 89' lang='lat' dir='ltr'>curn</span> <span class='ocrx_word' id='word_1_241' title='bbox 777 2181 881 2230; x_wconf 91' lang='lat' dir='ltr'>concilio</span> <span class='ocrx_word' id='word_1_242' title='bbox 891 2182 959 2228; x_wconf 88' lang='lat' dir='ltr'>vani-</span> 
     </span>
     <span class='ocr_line' id='line_1_32' title="bbox 78 2243 959 2310; baseline 0.001 -19"><span class='ocrx_word' id='word_1_243' title='bbox 78 2243 194 2294; x_wconf 82' lang='lat' dir='ltr'>minum?</span> <span class='ocrx_word' id='word_1_244' title='bbox 218 2245 298 2308; x_wconf 86' lang='lat' dir='ltr'>legem</span> <span class='ocrx_word' id='word_1_245' title='bbox 322 2247 407 2295; x_wconf 90' lang='lat' dir='ltr'>statuit</span> <span class='ocrx_word' id='word_1_246' title='bbox 434 2247 456 2295; x_wconf 93' lang='lat' dir='ltr'>ei</span> <span class='ocrx_word' id='word_1_247' title='bbox 478 2248 504 2295; x_wconf 91' lang='lat' dir='ltr'>in</span> <span class='ocrx_word' id='word_1_248' title='bbox 535 2246 647 2294; x_wconf 84' lang='lat' dir='ltr'>tatis:er</span> <span class='ocrx_word' id='word_1_249' title='bbox 658 2261 714 2295; x_wconf 90' lang='lat' dir='ltr'>cum</span> <span class='ocrx_word' id='word_1_250' title='bbox 725 2247 809 2310; x_wconf 89' lang='lat' dir='ltr'>iniqua</span> <span class='ocrx_word' id='word_1_251' title='bbox 819 2245 959 2309; x_wconf 78' lang='lat' dir='ltr'>gerentibus</span> 
     </span>
     <span class='ocr_line' id='line_1_33' title="bbox 77 2308 710 2372; baseline 0.003 -15"><span class='ocrx_word' id='word_1_252' title='bbox 77 2308 127 2366; x_wconf 86' lang='lat' dir='ltr'>via,</span> <span class='ocrx_word' id='word_1_253' title='bbox 140 2324 216 2372; x_wconf 91' lang='lat' dir='ltr'>quam</span> <span class='ocrx_word' id='word_1_254' title='bbox 227 2310 306 2372; x_wconf 83' lang='lat' dir='ltr'>elegit.</span> <span class='ocrx_word' id='word_1_255' title='bbox 535 2325 585 2358; x_wconf 91' lang='lat' dir='ltr'>non</span> <span class='ocrx_word' id='word_1_256' title='bbox 597 2310 710 2360; x_wconf 91' lang='lat' dir='ltr'>introibo.</span> 
     </span>
    </p>

    <p class='ocr_par' dir='ltr' id='par_1_13' title="bbox 77 2373 958 2552">
     <span class='ocr_line' id='line_1_34' title="bbox 110 2373 958 2437; baseline 0.001 -17"><span class='ocrx_word' id='word_1_257' title='bbox 110 2373 205 2421; x_wconf 86' lang='lat' dir='ltr'>Anima</span> <span class='ocrx_word' id='word_1_258' title='bbox 213 2373 264 2436; x_wconf 89' lang='lat' dir='ltr'>ejus</span> <span class='ocrx_word' id='word_1_259' title='bbox 275 2375 301 2422; x_wconf 91' lang='lat' dir='ltr'>in</span> <span class='ocrx_word' id='word_1_260' title='bbox 309 2374 380 2422; x_wconf 88' lang='lat' dir='ltr'>bonis</span> <span class='ocrx_word' id='word_1_261' title='bbox 392 2374 503 2424; x_wconf 90' lang='lat' dir='ltr'>demora·</span> <span class='ocrx_word' id='word_1_262' title='bbox 568 2374 643 2423; x_wconf 90' lang='lat' dir='ltr'>Odivi</span> <span class='ocrx_word' id='word_1_263' title='bbox 670 2374 797 2425; x_wconf 87' lang='lat' dir='ltr'>ecclesiam</span> <span class='ocrx_word' id='word_1_264' title='bbox 822 2374 958 2437; x_wconf 82' lang='lat' dir='ltr'>malignan-</span> 
     </span>
     <span class='ocr_line' id='line_1_35' title="bbox 77 2437 958 2504; baseline 0 -19"><span class='ocrx_word' id='word_1_265' title='bbox 77 2437 145 2485; x_wconf 92' lang='lat' dir='ltr'>bitur</span> <span class='ocrx_word' id='word_1_266' title='bbox 159 2454 166 2486; x_wconf 77' lang='lat' dir='ltr'>r</span> <span class='ocrx_word' id='word_1_267' title='bbox 182 2444 207 2486; x_wconf 90' lang='lat' dir='ltr'>et</span> <span class='ocrx_word' id='word_1_268' title='bbox 218 2452 301 2487; x_wconf 91' lang='lat' dir='ltr'>semen</span> <span class='ocrx_word' id='word_1_269' title='bbox 312 2438 364 2502; x_wconf 88' lang='lat' dir='ltr'>ejus</span> <span class='ocrx_word' id='word_1_270' title='bbox 375 2439 503 2488; x_wconf 88' lang='lat' dir='ltr'>haeredita·</span> <span class='ocrx_word' id='word_1_271' title='bbox 535 2439 596 2487; x_wconf 91' lang='lat' dir='ltr'>tium</span> <span class='ocrx_word' id='word_1_272' title='bbox 614 2457 620 2489; x_wconf 76' lang='grc' dir='ltr'><strong>ε</strong></span> <span class='ocrx_word' id='word_1_273' title='bbox 639 2446 663 2488; x_wconf 90' lang='lat' dir='ltr'>et</span> <span class='ocrx_word' id='word_1_274' title='bbox 684 2455 739 2489; x_wconf 90' lang='lat' dir='ltr'>cum</span> <span class='ocrx_word' id='word_1_275' title='bbox 757 2439 839 2504; x_wconf 90' lang='lat' dir='ltr'>impiis</span> <span class='ocrx_word' id='word_1_276' title='bbox 855 2454 905 2486; x_wconf 92' lang='lat' dir='ltr'>non</span> <span class='ocrx_word' id='word_1_277' title='bbox 922 2454 958 2486; x_wconf 90' lang='lat' dir='ltr'>se-</span> 
     </span>
     <span class='ocr_line' id='line_1_36' title="bbox 77 2502 605 2552; baseline 0.004 -2"><span class='ocrx_word' id='word_1_278' title='bbox 77 2502 115 2550; x_wconf 91' lang='lat' dir='ltr'>bit</span> <span class='ocrx_word' id='word_1_279' title='bbox 126 2509 223 2550; x_wconf 90' lang='lat' dir='ltr'>terram.</span> <span class='ocrx_word' id='word_1_280' title='bbox 534 2503 605 2552; x_wconf 92' lang='lat' dir='ltr'>debo.</span> 
     </span>
    </p>

    <p class='ocr_par' dir='ltr' id='par_1_14' title="bbox 77 2566 958 2758">
     <span class='ocr_line' id='line_1_37' title="bbox 111 2566 957 2618; baseline 0 -5"><span class='ocrx_word' id='word_1_281' title='bbox 111 2566 306 2616; x_wconf 89' lang='lat' dir='ltr'>Firmamentum</span> <span class='ocrx_word' id='word_1_282' title='bbox 325 2574 361 2617; x_wconf 87' lang='lat' dir='ltr'>est</span> <span class='ocrx_word' id='word_1_283' title='bbox 380 2568 503 2617; x_wconf 89' lang='lat' dir='ltr'>Dominus</span> <span class='ocrx_word' id='word_1_284' title='bbox 567 2568 667 2618; x_wconf 89' lang='lat' dir='ltr'>Lavabo</span> <span class='ocrx_word' id='word_1_285' title='bbox 679 2570 742 2617; x_wconf 90' lang='lat' dir='ltr'>inter</span> <span class='ocrx_word' id='word_1_286' title='bbox 755 2569 895 2616; x_wconf 90' lang='lat' dir='ltr'>innocentes</span> <span class='ocrx_word' id='word_1_287' title='bbox 906 2582 957 2613; x_wconf 89' lang='lat' dir='ltr'>ma-</span> 
     </span>
     <span class='ocr_line' id='line_1_38' title="bbox 77 2631 958 2682; baseline 0 -4"><span class='ocrx_word' id='word_1_288' title='bbox 77 2631 220 2679; x_wconf 89' lang='lat' dir='ltr'>timentibus</span> <span class='ocrx_word' id='word_1_289' title='bbox 237 2647 293 2680; x_wconf 89' lang='lat' dir='ltr'>eum</span> <span class='ocrx_word' id='word_1_290' title='bbox 309 2649 315 2680; x_wconf 76' lang='grc' dir='ltr'><em>τ</em></span> <span class='ocrx_word' id='word_1_291' title='bbox 332 2640 356 2681; x_wconf 89' lang='lat' dir='ltr'>et</span> <span class='ocrx_word' id='word_1_292' title='bbox 372 2640 502 2682; x_wconf 89' lang='lat' dir='ltr'>testamen·</span> <span class='ocrx_word' id='word_1_293' title='bbox 533 2647 579 2680; x_wconf 90' lang='lat' dir='ltr'>nus</span> <span class='ocrx_word' id='word_1_294' title='bbox 587 2648 654 2682; x_wconf 88' lang='lat' dir='ltr'>meas</span> <span class='ocrx_word' id='word_1_295' title='bbox 666 2651 672 2682; x_wconf 91' lang='lat'><strong>:</strong></span> <span class='ocrx_word' id='word_1_296' title='bbox 684 2641 708 2682; x_wconf 89' lang='lat' dir='ltr'>et</span> <span class='ocrx_word' id='word_1_297' title='bbox 718 2631 874 2681; x_wconf 87' lang='lat' dir='ltr'>circumdabo</span> <span class='ocrx_word' id='word_1_298' title='bbox 882 2631 958 2678; x_wconf 84' lang='lat' dir='ltr'>altare</span> 
     </span>
     <span class='ocr_line' id='line_1_39' title="bbox 77 2695 751 2758; baseline 0.003 -16"><span class='ocrx_word' id='word_1_299' title='bbox 77 2707 131 2743; x_wconf 90' lang='lat' dir='ltr'>tum</span> <span class='ocrx_word' id='word_1_300' title='bbox 142 2695 219 2758; x_wconf 88' lang='lat' dir='ltr'>ipsius</span> <span class='ocrx_word' id='word_1_301' title='bbox 227 2704 254 2744; x_wconf 90' lang='lat' dir='ltr'>ut</span> <span class='ocrx_word' id='word_1_302' title='bbox 265 2697 432 2745; x_wconf 77' lang='lat' dir='ltr'>manifestetur</span> <span class='ocrx_word' id='word_1_303' title='bbox 444 2697 498 2746; x_wconf 95' lang='lat' dir='ltr'>illis.</span> <span class='ocrx_word' id='word_1_304' title='bbox 535 2705 611 2756; x_wconf 90' lang='lat' dir='ltr'>tuum,</span> <span class='ocrx_word' id='word_1_305' title='bbox 627 2699 751 2746; x_wconf 90' lang='lat' dir='ltr'>Domine:</span> 
     </span>
    </p>

    <p class='ocr_par' dir='ltr' id='par_1_15' title="bbox 77 2757 957 2952">
     <span class='ocr_line' id='line_1_40' title="bbox 111 2757 957 2825; baseline -0.004 -17"><span class='ocrx_word' id='word_1_306' title='bbox 111 2757 184 2808; x_wconf 90' lang='lat' dir='ltr'>Oculi</span> <span class='ocrx_word' id='word_1_307' title='bbox 199 2761 248 2809; x_wconf 90' lang='lat' dir='ltr'>mei</span> <span class='ocrx_word' id='word_1_308' title='bbox 265 2775 361 2825; x_wconf 90' lang='lat' dir='ltr'>semper</span> <span class='ocrx_word' id='word_1_309' title='bbox 371 2761 404 2808; x_wconf 90' lang='lat' dir='ltr'>ad</span> <span class='ocrx_word' id='word_1_310' title='bbox 415 2761 502 2810; x_wconf 91' lang='lat' dir='ltr'>Domi·</span> <span class='ocrx_word' id='word_1_311' title='bbox 569 2761 604 2810; x_wconf 93' lang='lat' dir='ltr'>Ut</span> <span class='ocrx_word' id='word_1_312' title='bbox 612 2762 709 2810; x_wconf 90' lang='lat' dir='ltr'>audiam</span> <span class='ocrx_word' id='word_1_313' title='bbox 714 2775 801 2808; x_wconf 89' lang='lat' dir='ltr'>vocem</span> <span class='ocrx_word' id='word_1_314' title='bbox 808 2757 888 2806; x_wconf 90' lang='lat' dir='ltr'>laudis</span> <span class='ocrx_word' id='word_1_315' title='bbox 894 2765 957 2806; x_wconf 89' lang='lat' dir='ltr'>tuae:</span> 
     </span>
     <span class='ocr_line' id='line_1_41' title="bbox 77 2822 957 2888; baseline -0.003 -16"><span class='ocrx_word' id='word_1_316' title='bbox 77 2839 159 2872; x_wconf 83' lang='lat' dir='ltr'>num:</span> <span class='ocrx_word' id='word_1_317' title='bbox 176 2824 293 2888; x_wconf 84' lang='lat' dir='ltr'>quoniam</span> <span class='ocrx_word' id='word_1_318' title='bbox 309 2825 361 2888; x_wconf 90' lang='lat' dir='ltr'>ipsc</span> <span class='ocrx_word' id='word_1_319' title='bbox 373 2825 460 2875; x_wconf 87' lang='lat' dir='ltr'>evellet</span> <span class='ocrx_word' id='word_1_320' title='bbox 471 2827 503 2875; x_wconf 92' lang='lat' dir='ltr'>de</span> <span class='ocrx_word' id='word_1_321' title='bbox 535 2833 559 2875; x_wconf 89' lang='lat' dir='ltr'>et</span> <span class='ocrx_word' id='word_1_322' title='bbox 579 2841 688 2875; x_wconf 90' lang='lat' dir='ltr'>enarrem</span> <span class='ocrx_word' id='word_1_323' title='bbox 705 2824 818 2872; x_wconf 87' lang='lat' dir='ltr'>universa</span> <span class='ocrx_word' id='word_1_324' title='bbox 835 2822 957 2871; x_wconf 85' lang='lat' dir='ltr'>mirabilia</span> 
     </span>
     <span class='ocr_line' id='line_1_42' title="bbox 77 2889 582 2952; baseline 0.004 -16"><span class='ocrx_word' id='word_1_325' title='bbox 77 2889 85 2936; x_wconf 91' lang='lat' dir='ltr'>l</span> <span class='ocrx_word' id='word_1_326' title='bbox 119 2903 167 2937; x_wconf 87' lang='lat' dir='ltr'>ueo</span> <span class='ocrx_word' id='word_1_327' title='bbox 178 2889 254 2952; x_wconf 89' lang='lat' dir='ltr'>pedes</span> <span class='ocrx_word' id='word_1_328' title='bbox 264 2903 339 2939; x_wconf 81' lang='lat' dir='ltr'>meos.</span> <span class='ocrx_word' id='word_1_329' title='bbox 534 2900 582 2938; x_wconf 85' lang='lat' dir='ltr'>tua</span> 
     </span>
    </p>

    <p class='ocr_par' dir='ltr' id='par_1_16' title="bbox 76 2951 956 3146">
     <span class='ocr_line' id='line_1_43' title="bbox 136 2951 955 3017; baseline -0.004 -16"><span class='ocrx_word' id='word_1_330' title='bbox 136 2953 216 3017; x_wconf 83' lang='lat' dir='ltr'>espiee</span> <span class='ocrx_word' id='word_1_331' title='bbox 235 2952 261 3001; x_wconf 90' lang='lat' dir='ltr'>in</span> <span class='ocrx_word' id='word_1_332' title='bbox 280 2968 328 3012; x_wconf 88' lang='lat' dir='ltr'>me,</span> <span class='ocrx_word' id='word_1_333' title='bbox 348 2960 373 3002; x_wconf 94' lang='lat' dir='ltr'>et</span> <span class='ocrx_word' id='word_1_334' title='bbox 388 2953 503 3004; x_wconf 89' lang='lat' dir='ltr'>miserere</span> <span class='ocrx_word' id='word_1_335' title='bbox 567 2954 682 3012; x_wconf 89' lang='lat' dir='ltr'>Domine,</span> <span class='ocrx_word' id='word_1_336' title='bbox 697 2951 771 3001; x_wconf 89' lang='lat' dir='ltr'>dilexi</span> <span class='ocrx_word' id='word_1_337' title='bbox 787 2951 901 3000; x_wconf 86' lang='lat' dir='ltr'>decorem</span> <span class='ocrx_word' id='word_1_338' title='bbox 913 2952 955 2999; x_wconf 93' lang='lat' dir='ltr'>do·</span> 
     </span>
     <span class='ocr_line' id='line_1_44' title="bbox 77 3016 956 3083; baseline -0.001 -18"><span class='ocrx_word' id='word_1_339' title='bbox 77 3016 153 3066; x_wconf 88' lang='lat' dir='ltr'>mei:</span> <span class='ocrx_word' id='word_1_340' title='bbox 174 3017 234 3081; x_wconf 89' lang='lat' dir='ltr'>quia</span> <span class='ocrx_word' id='word_1_341' title='bbox 255 3017 341 3067; x_wconf 89' lang='lat' dir='ltr'>unicus</span> <span class='ocrx_word' id='word_1_342' title='bbox 363 3024 388 3068; x_wconf 90' lang='lat' dir='ltr'>et</span> <span class='ocrx_word' id='word_1_343' title='bbox 409 3034 504 3083; x_wconf 89' lang='lat' dir='ltr'>pauper</span> <span class='ocrx_word' id='word_1_344' title='bbox 533 3033 588 3066; x_wconf 90' lang='lat' dir='ltr'>mus</span> <span class='ocrx_word' id='word_1_345' title='bbox 600 3026 648 3067; x_wconf 89' lang='lat' dir='ltr'>tuae</span> <span class='ocrx_word' id='word_1_346' title='bbox 660 3036 666 3066; x_wconf 73' lang='grc' dir='ltr'><strong>ι</strong></span> <span class='ocrx_word' id='word_1_347' title='bbox 678 3016 956 3067; x_wconf 87' lang='lat' dir='ltr'>etlocumhabitationis</span> 
     </span>
     <span class='ocr_line' id='line_1_45' title="bbox 76 3082 683 3146; baseline 0.002 -16"><span class='ocrx_word' id='word_1_348' title='bbox 76 3096 196 3145; x_wconf 83' lang='lat' dir='ltr'>sumego.</span> <span class='ocrx_word' id='word_1_349' title='bbox 533 3082 617 3146; x_wconf 82' lang='lat' dir='ltr'>gloriae</span> <span class='ocrx_word' id='word_1_350' title='bbox 629 3089 683 3132; x_wconf 85' lang='lat' dir='ltr'>tuae.</span> 
     </span>
    </p>

    <p class='ocr_par' dir='ltr' id='par_1_17' title="bbox 141 3157 189 3207">
     <span class='ocr_line' id='line_1_46' title="bbox 141 3157 189 3207; baseline -0.042 -11"><span class='ocrx_word' id='word_1_351' title='bbox 141 3157 189 3207; x_wconf 87' lang='lat'>229</span> 
     </span>
    </p>
   </div>
   <div class='ocr_carea' id='block_1_3' title="bbox 0 0 1050 3450">
    <p class='ocr_par' dir='ltr' id='par_1_18' title="bbox 0 0 1050 3450">
     <span class='ocr_line' id='line_1_47' title="bbox 0 0 1050 3450; baseline 0 1"><span class='ocrx_word' id='word_1_352' title='bbox 0 0 1050 3450; x_wconf 95' lang='lat' dir='ltr'> </span> 
     </span>
    </p>
   </div>
  </div>
 </body>
</html>
