2092 3450
288 224 291 229 Δ
361 154 521 212 donsrtrutto
539 153 732 222 nuncuparunt.

121 301 218 369 Jesum
232 299 375 352 Christum
389 298 544 352 Dominum
578 299 631 352 Per
642 307 671 352 te
683 297 806 352 sciamus
824 298 981 362 daPatrem,
1031 274 1035 387 l

122 380 257 424 nostrum.
293 369 395 423 Amen.

577 369 733 422 Noscamus
743 375 829 438 atque
839 368 959 421 Filium:

576 439 619 491 Te
630 438 775 508 utriusque
787 438 923 508 Spiritum

107 508 220 560 Deinde
242 518 366 561 assumat
389 509 549 577 Episcopus
577 508 731 562 Credamus
742 509 824 560 omni
832 511 956 577 tempore.

143 580 257 631 Electus
278 590 380 631 caetcra
398 581 549 632 vestimen·
578 602 622 656 Sit
634 603 695 654 laus
709 602 785 655 Patri
798 618 865 656 cum
879 603 947 658 Filio

141 658 171 700 ta
191 650 387 717 EPlSCOPstllai
419 660 447 702 el
467 668 549 718 super
576 673 681 725 Sancto
691 672 782 725 st'mul
789 649 956 726 Paraclitol

142 736 207 771 eum
241 720 417 786 genuflexum
454 733 548 774 cante·

142 800 186 841 tur
194 800 242 841 aut
252 791 361 842 dicotur
370 789 452 854 Veni,
464 788 547 842 Crea-

143 874 188 918 tor
206 866 349 935 Spiritus:
395 867 548 934 incipiente

141 936 370 1005 Arcliiepiscopo,
401 939 548 1006 Episcopis

141 1008 547 1076 autenr,aliisqt1cqtriadsunt,

142 1094 192 1144 pcr
222 1079 344 1130 alternos
369 1097 465 1131 versus
491 1096 547 1130 res-

142 1148 339 1215 pondentibus,
359 1160 439 1217 prout
457 1151 547 1218 sequi-

141 1227 191 1270 tur.

121 1325 276 1448 VENI,
291 1325 405 1378 Creator
418 1322 545 1392 Spiritus,

207 1396 436 1448 Mentestuomm
444 1393 546 1445 vt'st'ta:

125 1463 215 1532 Imple
227 1481 347 1532 superna
358 1463 449 1531 gratia

125 1535 194 1603 Quce
205 1540 237 1586 tu
248 1535 350 1586 creasti
353 1537 475 1602 pectora.

125 1627 179 1695 Qui
194 1628 294 1681 diceris
309 1629 471 1694 Paraclitus‚

123 1700 149 1750 A
153 1698 268 1750 llissimi
277 1700 380 1751 donum
392 1700 463 1750 Dei:

125 1769 200 1820 Fons
213 1769 300 1831 vivus,
314 1769 394 1836 ignis,
408 1768 538 1833 charitas

122 1839 165 1889 Et
174 1839 314 1905 spiritales
326 1840 426 1890 unctio.

124 1935 167 1985 Tu
180 1935 347 2002 septiformis
360 1952 482 1999 munere,

123 2004 238 2055 Dextrae
249 2006 306 2056 Dei
316 2012 346 2057 tu
358 2006 480 2073 digitus:

124 2074 168 2124 Tu
181 2074 233 2126 rite
246 2075 414 2142 promissum
428 2075 527 2141 PatriS,

123 2143 255 2195 Sermone
266 2145 362 2195 ditans
368 2150 497 2214 guttura.

123 2248 254 2300 Accende
266 2248 359 2301 lumen
374 2250 509 2314 sensibus,

122 2318 245 2384 Insunde
256 2336 376 2370 onzorem
390 2320 515 2371 cordibus
525 2337 536 2370 .·

125 2387 240 2438 Infirma
252 2389 339 2440 nostri
353 2389 475 2456 corporis

128 2457 236 2508 Virtute
238 2458 366 2524 firmans
371 2459 488 2526 perpeti.

124 2561 244 2613 Hostem
256 2563 374 2630 repellas
386 2562 506 2630 longiuS,

121 2632 274 2698 pacemque
284 2632 367 2684 dones
374 2634 504 2699 protinus
515 2652 525 2685 .·

124 2701 248 2752 Ductore
261 2702 301 2753 sic
314 2711 341 2754 te
354 2703 457 2770 praevio

128 2768 248 2821 Vitemus
260 2788 338 2824 atrine
350 2773 473 2825 nom'um.

123 2872 183 2941 [Da
195 2876 361 2941 gaudiorum
373 2878 497 2946 praemia,

123 2944 168 2994 Da
175 2947 340 3013 gratiarum
353 2965 479 3014 munera,

124 3013 252 3066 Dissolve
265 3016 321 3068 litis
333 3018 451 3077 vincula

124 3083 146 3133 Α
149 3084 275 3152 dstringe
280 3088 362 3153 pacz's
364 3084 494 3154 sedero]

180 3164 230 3218 354

578 742 724 810 Nobisque
735 741 831 795 mittat
845 742 932 796 Filius

577 809 726 865 ulamma
737 812 844 865 Sancti
852 812 992 936 spfflnmen

576 997 638 1064 Quo
652 996 739 1062 finito,
748 994 826 1049 dicat
839 994 991 1073 Archiepis·

735 1082 833 1135 copus,

647 1177 792 1258 OMINE,
816 1176 918 1230 exaudi
941 1193 995 1230 ora·

679 1257 785 1300 tionem
797 1257 932 1300 nostram

608 1315 692 1381 Resp.
734 1316 772 1369 Et
785 1315 893 1370 clamor
908 1325 996 1370 noster
1033 1334 1037 1344 ·

576 1387 614 1440 ad
628 1396 656 1441 te
668 1386 771 1440 veniat.

723 1525 854 1580 Oremus.

647 1620 889 1674 MNIPOTENS
917 1621 998 1684 Deus,

683 1691 765 1742 Pater
774 1691 943 1756 misericors,
956 1690 999 1758 qui

577 1778 609 1813 ex
622 1760 730 1812 infinita
747 1760 876 1813 bonitate
894 1770 942 1812 tua
957 1760 999 1811 de·

577 1830 642 1883 disti
667 1830 780 1882 unicum
804 1839 832 1882 et
858 1830 1000 1883 dilectissi-

577 1916 653 1952 mum
680 1899 781 1951 Filium
806 1908 887 1952 tuum
907 1901 1000 1967 Jesum
1034 1899 1038 1915 ‘

582 1969 730 2035 Christum,
740 1978 770 2022 ut
783 1969 820 2021 sit
831 1970 1001 2047 Redemptor

577 2049 679 2105 noster,
687 2049 714 2092 ct
722 2048 819 2090 auctor
827 2050 894 2092 vrtae
904 2056 1001 2106 sempi-

577 2120 682 2162 ternae:
712 2109 759 2176 qui
787 2120 852 2176 post
878 2109 1001 2176 redemp-

577 2180 681 2231 tionem
697 2188 824 2230 nostram
843 2189 936 2232 morte
954 2195 1002 2231 sua

576 2247 736 2316 perfectam,
758 2257 785 2300 et
807 2250 1001 2302 ascensionem

577 2335 657 2370 suam
682 2318 710 2369 in
737 2318 834 2383 coelos,
852 2318 930 2371 dona
954 2335 1003 2370 sua

576 2404 658 2456 super
676 2387 804 2440 homines
827 2388 1003 2440 abundanter

577 2457 680 2522 effudit,
720 2456 827 2510 faciens
865 2458 1002 2526 quosdam
1038 2463 1039 2468 ’

575 2527 735 2594 Apostolos
771 2526 914 2595 quosdam
958 2545 1003 2579 au·

577 2607 633 2649 tem
656 2598 819 2664 Prophetas,
842 2598 915 2650 alios
940 2613 1003 2650 vero

578 2666 782 2734 Evangelistas,
808 2667 880 2719 alios
912 2680 1002 2721 autern

578 2738 706 2789 Pastorcs
735 2745 762 2788 ct
794 2737 945 2802 Doctores
969 2737 1003 2789 ad

576 2806 789 2859 aedificationem
819 2817 846 2858 et
875 2824 1003 2860 consum·

575 2876 728 2928 mationem
760 2876 900 2930 Ecclesiae
926 2894 1003 2931 suae:

577 2947 630 3010 Da,
636 2962 805 3014 quaesumus,
812 2962 875 2998 eam
884 2948 1003 3013 gratiam

574 3016 639 3068 huic
660 3015 764 3068 famulo
783 3024 841 3080 tuo,
858 3033 916 3084 qua
935 3034 1004 3070 sem·

574 3102 624 3154 per
635 3096 749 3155 paratus
760 3086 795 3138 sit
803 3086 841 3139 ad
851 3088 1004 3156 evangelis·

1026 37 1032 195 l
