2092 3450
169 168 204 223 in
220 167 270 223 luit
287 168 348 225 55.
367 167 483 226 Simonis
499 172 521 224 et
539 169 630 232 intur,
648 168 837 236 &institorum

151 415 187 472 m
197 416 246 472 uit
256 418 408 475 §sudorum
419 417 532 475 Simonis
542 423 565 474 vt
575 419 665 484 ioum,
675 419 861 489 senmurum

224 527 321 583 &³th
521 563 580 623 vero
591 549 634 624 qui
644 565 695 599 non
706 557 863 600 servaverunt
874 566 944 600 suum

128 619 341 671 MNIPOTENS
354 620 430 680 Deus,
445 622 489 686 qui
522 620 694 677 pnncipatum,
708 614 754 664 sed
764 615 946 679 dereliquerunt

165 684 303 734 Ecclesiam
323 693 393 735 tuam
415 702 490 750 super
521 692 592 725 suum
607 678 767 739 domicilium,
784 680 811 727 iii
823 678 945 742 judicium

61 747 252 798 fundamentum
269 750 317 799 Pro
335 750 448 800 netarum
464 759 490 800 et
521 741 605 804 magni
622 742 688 817 diei,
718 743 822 792 vinculis
848 745 945 792 aeternis

63 812 252 876 Apostolorum,
274 815 301 863 in
317 830 372 878 1p30
391 830 489 864 summo
521 805 566 852 sub
583 805 687 869 caligine
702 808 840 856 reservavit
877 807 947 857 Sicut

62 877 177 940 angulari
193 877 285 942 lapide,
304 878 404 928 Christo
418 880 486 943 μω,
522 868 633 943 Sodoma
643 877 668 918 et
685 870 831 931 Gomorrha,
851 879 875 921 et
892 871 946 920 fini·

63 941 213 1002 aedificasti3
238 941 280 990 Da
300 944 374 993 nobis
390 943 426 992 ita
445 960 490 1008 per
521 939 588 1008 timae
599 934 710 983 civitates
726 935 800 984 simili
816 936 892 984 modo
904 953 945 986 ex·

63 1021 151 1055 eorum
174 1007 314 1056 doctrinam
340 1008 368 1056 in
394 1009 490 1058 unitate
521 997 653 1058 f0m10³taei
685 1005 709 1048 θῒ
740 1001 857 1049 abeuntes
888 1008 946 1064 post

64 1070 174 1134 Spiritus
191 1071 315 1134 conjungi,
333 1078 361 1121 ut
377 1081 490 1121 sanctum
521 1076 620 1110 carnem
647 1062 757 1138 alteram,
780 1064 858 1131 ,sactae
890 1072 947 1113 sunt

62 1135 187 1198 templum
208 1135 255 1184 tibi
281 1142 411 1200 acceptum
438 1137 489 1186 effi.
521 1126 668 1200 exemplum,
680 1129 837 1202 ignisuaeterni
846 1143 946 1192 poenam

64 1199 166 1248 eiamur.
214 1200 262 1248 Per
280 1201 387 1249 eundem
406 1201 490 1258 Jesum
521 1197 674 1240 sustinentes.
728 1192 847 1241 Similiter
873 1199 898 1242 et
919 1193 948 1242 hi

64 1263 193 1312 Christum
215 1263 352 1313 Dominum
368 1254 486 1315 nogtmm,
522 1269 621 1330 carnem
637 1255 737 1318 quidem
753 1257 885 1317 maculant,
901 1258 947 1307 do·

65 1330 154 1377 Amen,
521 1326 682 1368 minationem
709 1326 791 1368 autem
818 1328 944 1434 spernunt,

207 1389 331 1457 Epistula.
521 1382 675 1446 majestatem
711 1392 794 1434 autem
850 1385 946 1450 lasphe·

203 1478 229 1530 S.
243 1479 316 1544 Judae
330 1494 350 1530 ι.
521 1455 597 1496 mant·

114 1567 212 1618 UDAS
223 1569 284 1632 Jesu
296 1568 388 1618 Christi
396 1585 487 1629 servus,
641 1523 813 1593 mmmmm

145 1632 222 1682 nater
237 1641 320 1682 autem
332 1634 429 1697 Jacobi,
451 1636 490 1684 iis
626 1623 651 1673 S·
665 1624 737 1687 Joan·
749 1640 789 1673 xv·
804 1634 840 1685 17·

64 1696 107 1760 qui
118 1697 213 1745 suntin
222 1697 279 1746 Deo
296 1697 369 1748 Patre
384 1699 488 1758 dilectis,
597 1698 654 1748 AEC
666 1699 758 1747 mando
766 1700 844 1759 vobis,
855 1707 883 1748 ut
890 1700 947 1748 dili·

64 1769 89 1810 et
109 1761 212 1810 Christo
226 1762 285 1825 Jesu
302 1765 450 1813 conservatis
466 1772 492 1813 et
629 1763 693 1826 gatis
702 1764 815 1812 invicem.
840 1764 869 1813 Si
877 1780 947 1813 mun·

63 1826 166 1874 voeatis
199 1825 491 1888 Misericordiavobis,et
522 1828 568 1876 dus
585 1843 630 1876 vos
646 1827 707 1887 odit,
726 1829 814 1877 scitote
833 1828 892 1891 quia
907 1844 948 1878 me

64 1905 121 1954 pax,
145 1896 172 1938 et
192 1889 298 1939 charitas
318 1891 384 1940 adim
402 1891 487 1942 lectur.
522 1892 629 1955 priorem
639 1892 711 1940 vobis
721 1893 780 1941 odio
788 1892 882 1942 habuit.
920 1894 948 1942 Si

64 1953 218 2014 charissimi,
232 1969 333 2003 omnem
347 1971 376 2005 so
397 1956 491 2005 'citudi-
522 1957 554 2004 de
581 1955 674 2004 mundo
700 1955 813 2016 fuissetis,
841 1956 948 2005 mundus

64 2033 123 2067 nem
133 2018 227 2066 faciens
237 2019 361 2069 scribendi
372 2021 444 2070 vobis
459 2021 492 2070 de
523 2019 589 2084 quod
601 2035 672 2068 suum
684 2028 736 2070 erat
747 2021 874 2084 diligeret:
891 2022 949 2085 quia

63 2082 192 2132 communi
202 2091 284 2132 vestra
294 2084 379 2143 salute,
393 2100 492 2135 necesse
522 2099 581 2133 vero
595 2085 627 2134 de
643 2085 803 2134 mundonon
820 2085 885 2145 estis,
904 2085 949 2134 sed

64 2145 253 2196 huboiscribere
260 2148 346 2197 vobis:
357 2150 492 2213 deprecans
522 2163 569 2211 ego
580 2148 643 2211 elegi
657 2164 702 2198 vos
712 2149 744 2198 de
760 2150 861 2208 inundo,
875 2165 949 2213 prop·

64 2211 228 2275 supercertari
275 2213 352 2261 semel
395 2214 491 2263 traditae
522 2221 589 2261 terea
607 2212 661 2261 odit
678 2227 724 2263 vos
742 2213 855 2263 mundus.
894 2213 949 2261 Me-

63 2276 157 2324 sanctis
179 2274 245 2324 fidei.
294 2276 492 2327 subintroierunt
521 2283 632 2325 mentote
652 2278 771 2326 sermonis
793 2278 850 2337 mei,
875 2292 949 2341 quem

63 2340 134 2388 enim
164 2339 267 2404 quidam
298 2339 411 2391 homines
439 2343 492 2406 (qui
523 2341 732 2404 egodixivobis:
748 2342 809 2390 Non
821 2349 857 2390 est
865 2357 950 2390 servus

64 2404 127 2453 olim
154 2403 291 2468 praescripti
313 2413 369 2454 sunt
390 2406 416 2454 iii
443 2407 492 2455 hoc
522 2404 711 2468 majordomino
719 2421 770 2455 suo.
808 2406 836 2456 Si
846 2421 886 2454 me
895 2421 949 2469 per·

60 2467 194 2530 judicium)
226 2468 304 2580 impii,
334 2470 384 2519 Dei
415 2472 493 2520 nostri
523 2469 600 2517 secuti
616 2477 680 2530 sunt,
699 2478 724 2519 et
740 2486 785 2518 vos
801 2485 949 2533 persequen-

63 2533 172 2595 gmtiam
189 2540 257 2581 trans
266 2539 360 2583 erentes
378 2534 404 2582 in
422 2534 492 2583 luxu·
523 2540 581 2581 tur:
596 2533 617 2582 si
628 2549 767 2583 sermonem
776 2550 859 2582 meum
869 2549 950 2582 serva·

64 2597 136 2655 riam,
160 2603 186 2646 et
206 2596 287 2645 solum
304 2597 493 2648 Dominatorem
523 2604 618 2657 verunt,
640 2606 665 2647 et
680 2607 789 2647 vestrum
806 2598 945 2646 servabunt.

65 2669 90 2709 et
115 2661 254 2710 Dominum
275 2668 386 2710 nostrum
407 2662 493 2725 Jesum
524 2662 575 2710 Sed
594 2662 648 2710 liaec
667 2664 752 2711 omnia
769 2663 859 2710 sacient
878 2663 950 2710 vobis

65 2725 193 2775 Christum
213 2732 336 2787 negantes.
375 2727 492 2775 Commo·
523 2734 625 2789 propter
645 2741 738 2775 nomen
759 2742 864 2774 meum:
892 2727 950 2789 quia

65 2804 125 2839 nere
143 2796 227 2838 autem
238 2805 283 2838 vos
301 2790 367 2850 volo,
388 2792 492 2840 scientes
524 2791 635 2840 nesciunt
656 2806 713 2838 eum
735 2790 778 2853 qui
804 2790 872 2837 misit
899 2806 946 2838 me.

64 2853 143 2902 semel
166 2854 258 2912 omnia,
284 2855 402 2917 quoniam
422 2855 493 2918 Jesus
525 2855 553 2903 Si
575 2870 626 2903 uon
647 2855 776 2912 venissem,
802 2860 827 2902 et
853 2852 949 2902 locutus

65 2919 187 2981 populum
204 2918 237 2967 de
255 2925 320 2966 terra
331 2919 434 2982 AEgypti
445 2919 493 2968 sal-
524 2918 623 2968 fuissem
634 2919 676 2977 eis,
696 2924 824 2981 peccatum
840 2933 891 2966 non
906 2917 950 2966 ha·

65 2997 134 3042 vans,
147 2982 257 3031 secundo
268 2998 310 3031 eos
321 2983 364 3046 qui
380 2998 431 3032 non
442 2999 492 3032 cie·
524 2983 610 3031 berent
623 3001 629 3031 :
646 2997 711 3030 nunc
722 2990 804 3030 autem
816 2983 950 3032 excusatio·

65 3045 189 3105 diderunt,
224 3047 354 3110 perdidit:
392 3047 492 3111 angelos
524 3062 583 3095 nem
603 3061 655 3095 non
676 3046 769 3095 habent
790 3047 822 3095 de
849 3054 950 3110 peccato

134 3121 179 3173 137
