2092 3450
344 167 475 224 Bnuinica
492 162 544 222 uu.
566 160 775 230 &sauromatum

114 323 195 372 Omne
207 321 465 386 regnuminseipsum
475 321 537 371 divi-
567 321 690 385 dispergit
744 321 809 370 Cum
850 322 994 371 immundus

112 403 167 436 sum
174 386 330 446 desolabitur,
339 392 363 435 et
369 386 457 435 domus
464 401 538 450 supra
567 386 665 449 spiritus
676 384 762 434 exierit
775 386 807 434 de
817 384 926 445 homine,
941 401 994 434 am·

112 452 216 500 domum
237 450 315 499 cadet
357 449 387 500 si
408 456 491 498 autem
513 456 537 499 et
566 449 636 498 bulat
652 464 697 514 per
712 449 768 498 loca
782 450 910 513 inaquosa,
925 465 993 514 quae·

114 516 218 565 Satanas
229 515 255 563 in
266 515 374 577 seipsum
387 513 479 562 divisus
490 521 534 573 est,
566 528 622 563 rens
630 513 754 578 requiem:
771 520 795 562 et
806 528 857 562 uon
865 514 994 564 inveniens

113 579 239 642 quomodo
256 578 331 627 stabit
348 593 451 641 regnum
467 577 538 640 ejus?
567 577 647 627 dicit:
680 577 800 626 Revertar
830 578 857 626 in
889 578 994 627 domum

112 644 171 706 quia
190 642 271 692 dicitis
290 646 317 690 in
337 642 475 691 Beelzebub
496 658 537 690 me
567 656 648 690 meam
675 641 742 690 unde
763 641 833 690 exivi.
879 643 913 691 Et
936 658 993 691 cum

113 706 335 769 ejiceredaemonia.
363 705 391 756 Si
399 713 482 754 autem
490 721 537 769 ego
566 705 668 764 venerit,
698 706 792 754 invenit
823 721 879 755 eam
911 707 994 770 scopis

111 772 139 819 in
156 770 293 819 Beelzebub
310 769 381 832 ejicio
397 769 536 819 daemonia:
567 769 712 818 mundatam
726 776 751 818 et
765 777 883 819 ornatam
920 770 994 819 Tunc

113 835 157 883 filii
183 835 257 882 vestri
284 834 310 883 in
337 849 387 898 quo
419 834 538 896 ejiciunt?
566 834 642 893 vadit,
661 840 686 883 et
702 835 803 882 assumit
819 841 915 897 septem
931 835 994 884 alios

113 899 174 946 Ideo
190 899 238 962 ipsi
252 898 347 962 judices
364 899 438 946 vestri
455 905 532 947 erunt
566 897 665 962 spiritus
676 913 767 956 secum,
782 901 911 962 nequiores
922 913 956 958 se,
968 905 994 948 et

113 963 189 1011 Porro
211 963 231 1011 si
253 963 280 1011 in
298 963 377 1025 digito
397 962 446 1010 Dei
465 962 536 1024 ejicio
566 962 668 1024 ingressi
683 962 796 1010 habitant
806 963 848 1011 ibi.
886 961 994 1011 Etfiunt

112 1027 234 1075 daemonia
245 1044 251 1075 ι
267 1026 378 1090 profecto
388 1027 500 1089 pervenit
510 1027 537 1074 in
566 1026 703 1074 novissima
712 1026 821 1075 hominis
831 1026 897 1075 illius
908 1026 995 1089 pejora

112 1106 155 1139 vos
175 1106 277 1153 regnum
294 1091 349 1139 Dei
386 1090 451 1139 Cum
467 1091 537 1139 sortis
566 1091 695 1154 prioribus.
733 1090 837 1139 Factum
848 1097 885 1139 est
898 1098 990 1150 autern,

111 1161 219 1203 armatus
231 1155 337 1203 custodit
352 1154 442 1203 atrium
454 1169 533 1216 suum,
567 1169 623 1203 cum
649 1154 704 1204 haee
730 1154 839 1203 diceret:
872 1154 994 1204 extollens

111 1220 137 1267 in
151 1234 212 1282 pace
227 1225 284 1267 suut
300 1234 329 1267 ea
346 1233 401 1282 quae
417 1218 532 1282 possidet
566 1234 652 1267 vocem
658 1218 771 1282 quaedam
778 1218 903 1267 mulierde
910 1219 991 1278 turba,

113 1283 229 1332 Siautem
235 1282 321 1331 fortior
328 1297 357 1331 eo
364 1283 537 1346 superveniens
566 1282 628 1331 dixit
639 1283 695 1332 illi:
711 1283 802 1332 Beatus
814 1289 900 1332 venter
909 1283 953 1346 qui
966 1289 994 1332 te

111 1347 196 1395 vicerit
207 1363 271 1406 eum,
283 1348 395 1395 universa
405 1363 473 1395 arma
484 1347 537 1409 ejus
566 1347 681 1410 portavit,
695 1353 720 1396 et
735 1347 812 1395 ubera
826 1362 882 1422 quae
896 1345 990 1396 suxisti.

112 1411 211 1469 auferet,
231 1412 258 1460 in
277 1411 366 1474 quibus
386 1410 533 1471 confidebat,
567 1412 603 1459 At
618 1411 750 1460 illedixit:
768 1411 912 1474 Quimmmo
925 1411 994 1460 beati

111 1483 135 1524 et
151 1475 230 1538 spolia
246 1473 298 1537 ejus
314 1475 449 1524 distribuet.
487 1475 535 1538 Qui
566 1475 610 1538 qui
633 1475 736 1523 audiunt
759 1476 863 1524 verbum
884 1474 942 1536 Dei,
967 1482 994 1524 et

111 1556 161 1588 non
173 1546 209 1588 est
219 1554 324 1598 mecum,
339 1546 424 1587 contra
434 1555 475 1588 me
486 1547 536 1589 est:
568 1539 708 1588 custodiunt
718 1539 787 1588 illud.

111 1611 136 1652 et
163 1604 205 1667 qui
232 1619 283 1652 non
311 1603 404 1667 colligit
428 1619 533 1664 mecum,

316 1710 447 1767 Bruttium
459 1710 560 1767 &aaut
572 1709 787 1779 adremmon.

276 1807 376 1863 eratin.
566 1802 708 1866 allegoriam
727 1802 799 1851 dicta.
841 1801 906 1851 Haec
925 1802 992 1851 euim

171 1888 319 1940 ONCEDE
346 1907 467 1940 uaesumus
483 1907 535 1940 om·
566 1874 623 1942 sunt
642 1867 692 1942 duo
711 1873 864 1941 testamenta.
900 1867 993 1941 ’Unum

107 1892 160 2020 C
201 1956 316 2019 nipotens
357 1929 536 2019 eusmtq'uiex
566 1931 667 2005 quidem
678 1947 704 1979 m
717 1938 801 1979 monte
817 1930 885 1989 Sina,
899 1945 927 1978 in
942 1945 993 1979 ser-

110 2019 198 2068 merito
216 2026 306 2068 nostrae
325 2020 429 2068 actionis
449 2020 535 2083 affligi·
565 2002 669 2043 mutem
689 2010 832 2070 ,ἕθῃθῑῗῃεῗ
865 2010 922 2057 quae
954 2003 992 2070 ‘ast

111 2099 172 2141 mur,
194 2090 243 2132 tuae
264 2084 350 2147 gratiae
369 2084 536 2133 consolatione
566 2060 651 2134 Agarf
669 2059 729 2134 3¹¹¹?
742 2074 808 2132 enm?
824 2073 895 2107 ἠοω
913 2065 949 2107 ‘'St
965 2075 993 2134 ¹¹}

111 2148 262 2210 respiremus·
299 2148 441 2211 perJesum
453 2148 535 2197 Chris,
566 2124 666 2181 Arabia„
686 2137 729 2186 qm
749 2130 892 2186 conjunctus
912 2130 950 2172 est
969 2139 993 2172 ει

110 2219 164 2258 tum
183 2211 319 2259 Dominum
339 2218 363 2260 et
383 2211 535 2262 salvatorem
566 2202 626 2261 quae.
642 2202 708 2234 nuuc
734 2187 941 2261 estjerusalem,
966 2195 992 2235 et

111 2282 228 2323 nostrum,
265 2278 353 2324 Amen·
565 2257 638 2299 servit
666 2266 722 2298 cum
749 2250 806 2298 filus
838 2266 893 2299 suis.
943 2251 992 2300 Illa

565 2322 655 2373 autem,
669 2329 725 2378 quae
736 2330 831 2362 sursum
843 2321 880 2363 est
893 2315 992 2379 Jerusa-

266 2396 390 2463 ΕΜ
564 2379 993 2492 ῗέἓέιὲὗθῑὲἕὲἱιῖᾒὲἰῑέῗὲἷ

205 2491 248 2538 Ad
259 2491 339 2540 Galat·
355 2492 386 2540 ἰν·
401 2505 439 2541 ²¹·
566 2508 661 2556 Laetare
672 2459 770 2565 sterilis?
778 2523 834 2570 quae
845 2522 896 2555 non
907 2507 974 2570 paris

178 2571 277 2620 ICITE
288 2571 349 2619 mihi
363 2574 406 2635 qui
420 2572 466 2620 sub
481 2572 536 2635 lege
565 2587 672 2635 erumpe,
698 2579 723 2619 et
751 2572 837 2629 clama,
863 2586 919 2635 quae
939 2586 993 2620 non

210 2636 283 2684 vultis
302 2651 362 2696 esse,
386 2636 466 2699 legem
484 2653 535 2685 non
564 2636 686 2699 parturis:
711 2636 769 2698 quia
788 2635 859 2683 multi
880 2635 926 2683 filii
948 2635 993 2685 de·

110 2700 220 2763 legistis?
258 2701 382 2763 Scriptum
399 2707 436 2748 est
453 2700 535 2749 enim:
565 2707 642 2758 sertae,
664 2701 743 2763 magis
782 2715 839 2747 uam
859 2698 912 2761 ejus
934 2715 992 2763 quae

111 2765 235 2827 Quoniam
249 2764 377 2812 Abraham
394 2764 455 2812 duos
472 2764 536 2813 filios
563 2765 639 2812 habet
652 2765 738 2812 virum.
802 2779 830 2812 os
845 2771 926 2812 autem
943 2764 991 2812 fra·

78 2857 81 2869 ·
109 2829 213 2877 habuit:
238 2844 315 2876 unum
337 2829 369 2876 de
391 2828 487 2887 ancilla,
510 2836 535 2877 et
563 2835 619 2886 tres,
640 2829 775 2877 secundum
798 2829 867 2876 Isaac
886 2829 992 2891 promis-

110 2908 187 2941 unum
205 2892 337 2941 delibera
375 2893 425 2942 Sed
443 2896 485 2956 qui
503 2893 535 2941 de
565 2893 640 2941 sionis
659 2892 704 2941 filii
723 2907 813 2940 sumus.
857 2891 909 2941 Sed
929 2908 991 2955 quo·

110 2956 534 3014 ancilla,secundumcarnemnatus
564 2957 640 3004 modo
663 2962 722 3004 tunc
743 2957 765 3004 is
787 2956 830 3020 qui
853 2956 990 3005 secundum

110 3027 163 3068 est:
183 3021 225 3082 qui
242 3027 324 3068 autem
340 3021 372 3069 de
388 3020 472 3079 libera,
490 3037 535 3084 per
564 3035 662 3068 carnem
675 3028 746 3069 natus
759 3020 844 3079 fuerat,
859 3036 990 3084 perseque-

110 3083 340 3146 repromissionem:
356 3091 479 3148 quaesunt
490 3101 535 3148 per
564 3084 636 3133 batur
647 3100 703 3133 eum
715 3084 758 3149 qui
773 3085 907 3134 secundum
919 3085 990 3150 spiri-

171 3144 203 3204 56
