2092 3450
453 246 587 313 {brafatim

79 385 139 437 dum
153 388 342 453 Rempnblicam
353 388 450 451 tyranni
462 388 641 452 opprimebant,
656 403 757 451 operam
773 387 908 436 maximam
918 385 961 434 de·

80 455 167 501 derant
177 461 205 502 nt
215 469 231 501 a
242 452 354 516 Liturgia
368 453 464 501 animos
473 453 602 501 hominum
618 459 761 511 averterent,
775 467 820 500 sua
831 460 884 500 tum
894 450 962 498 fama

81 525 133 565 turn
149 533 175 565 re
192 517 308 566 interesse
318 516 438 576 viderunt,
453 516 588 581 velaperte
604 532 631 565 se
647 532 739 564 errasse
754 515 824 565 iaten'
841 515 877 576 (id
894 513 962 578 quod

81 582 138 629 huic
153 581 282 630 hominum
293 581 377 644 generi
388 581 428 630 vix
440 581 580 644 persuaderi
595 583 686 645 potest)
697 580 736 629 vel
747 595 844 628 summa
854 579 879 627 vi
896 579 920 628 ei
930 592 962 626 ne

81 646 247 694 restitueretur
262 646 366 694 obstare.
403 646 484 707 Quem
501 645 527 693 in
543 645 617 693 finem
634 645 660 693 in
676 645 749 694 variis
765 644 863 704 libellis,
877 649 962 692 contra

81 710 185 758 Librum
208 709 312 758 Precum
335 709 491 758 Publicarum
515 709 596 768 editis,
621 717 715 758 veteres
738 709 882 772 conscriptae
906 714 963 756 sunt
1015 718 1016 723 ’

81 773 312 832 animadversiones,
330 789 450 837 novaeque
466 774 565 832 additae,
585 789 669 838 eaeque
684 774 774 838 plures,
788 788 863 836 quam
879 779 960 830 antea,

82 845 108 886 ut
119 853 247 886 numerum
255 837 282 886 in
293 837 372 900 majus
383 838 515 901 explerent.
552 838 689 901 Deniquea
701 837 776 886 Sacra
785 837 861 900 Regis
872 835 963 899 Majes·

81 909 132 952 tate
157 902 275 950 instanter
295 903 424 965 quaesitum
449 909 492 962 est,
512 908 539 950 ut
556 902 621 950 illius
637 902 706 950 Libri
730 902 871 950 recensione
887 899 960 958 sacta,

82 966 131 1014 alia
148 966 333 1028 corrigerentur,
347 967 397 1014 alia
407 982 465 1015 vero
482 966 646 1029 adjicerentur
674 982 711 1014 uae
722 965 832 1014 infirmas
848 979 964 1029 quornm·

82 1031 139 1077 darn
156 1030 318 1079 conscientias
334 1030 449 1078 sedatura
464 1030 611 1079 viderentur.
656 982 752 1092 Quibus
768 1029 881 1094 precibus
898 1028 961 1086 Rex,

82 1094 124 1157 qui
141 1110 186 1158 pro
207 1094 298 1158 pietate
314 1110 359 1142 sua
381 1094 495 1142 omnibns
511 1095 615 1142 subditis
640 1095 697 1152 suis,
717 1108 888 1158 quamcunque
911 1092 964 1156 opi·

82 1159 182 1206 irionem
193 1159 349 1218 sectantibus,
360 1168 481 1222 quantum
492 1174 538 1222 par
546 1165 604 1217 erat,
616 1158 754 1206 satisfacere
762 1157 847 1217 voluit,
858 1156 965 1220 benigne
1008 1184 1016 1211 ·.

82 1223 212 1272 consensit.

116 1286 174 1348 Qua
196 1287 222 1335 in
240 1286 393 1335 Recensione
409 1302 465 1335 eam
488 1286 625 1336 studuimus
641 1301 737 1334 servare
759 1282 962 1344 moderationem,

83 1365 157 1414 quam
169 1366 266 1414 semper
278 1352 302 1398 in
314 1351 361 1399 ista
372 1367 397 1399 re
409 1350 469 1399 olim
479 1359 601 1399 servatam
615 1351 759 1399 invenimus
797 1349 966 1412 Quamobrem

80 1430 114 1470 ,ex
124 1415 226 1463 diversis
242 1415 419 1464 mutationibus
435 1430 491 1478 quae
507 1416 580 1464 nobis
595 1415 728 1479 propositae
743 1421 807 1474 sunt,
821 1429 863 1462 eas
879 1428 966 1462 omnes

84 1479 275 1542 improbavimus
309 1495 347 1528 uae
358 1479 398 1527 vel
409 1479 542 1528 infaustum
558 1486 673 1528 eventum
684 1479 803 1527 habiturae
819 1478 967 1526 videbantur

81 1543 187 1606 (quippe
198 1544 287 1607 quibus
318 1543 412 1592 eclesiae
419 1543 572 1606 Anglicanre,
583 1543 659 1591 immo
666 1544 740 1591 totius
749 1542 866 1591 Ecclesiae
874 1540 967 1591 Christi

84 1605 227 1666 Catholicae,
247 1607 286 1655 vel
303 1607 416 1656 doctrina
432 1615 547 1656 constans
563 1607 603 1655 vel
620 1607 751 1656 laudabilis
762 1607 913 1656 consuetudo
925 1621 966 1654 oc·

84 1671 150 1719 culto
167 1672 308 1734 peteretur),
322 1671 362 1720 vel
378 1671 469 1720 nullius
484 1687 584 1736 prorsus
599 1671 720 1720 momenti
736 1678 812 1730 erant,
831 1670 875 1718 sed
891 1685 967 1718 mene

84 1750 156 1797 nugae
172 1735 264 1784 inanes
312 1735 362 1784 Eas
378 1752 437 1784 vero
457 1737 606 1784 mutationes
623 1737 648 1795 (a
669 1736 861 1799 quibuscunque,
882 1749 966 1798 quem·

84 1814 181 1862 cunque
192 1800 218 1847 in
230 1799 313 1858 finem,
328 1815 475 1864 quocunque
485 1807 605 1864 praetextu
616 1800 764 1864 propositas)
776 1815 832 1863 quoe
844 1799 916 1846 nobis
927 1797 967 1846 vel

84 1863 221 1912 commodae
233 1863 275 1912 vel
291 1865 433 1913 necessariae
444 1864 504 1913 visae
514 1871 578 1922 sunt,
592 1864 696 1928 nosipsi
712 1871 801 1927 sponte
812 1871 836 1912 et
847 1863 912 1912 ultro
924 1862 967 1913 ad·

83 1927 201 1976 misimus.
237 1928 312 1990 Quod
329 1935 356 1976 ut
372 1928 515 1988 faceremus,
529 1928 597 1978 nulla
613 1929 691 1977 coacti
708 1944 791 1977 sumus
808 1928 932 1976 rationum
943 1926 967 1974 vi
986 1968 994 1986 ,

83 2005 139 2054 qnae
150 1992 222 2040 nobis
233 1992 336 2040 istarum
345 1993 522 2042 correctionum
533 1993 702 2041 necessitatem
711 1993 862 2056 ingererent:
879 1991 968 2040 animis

84 2056 149 2103 enim
161 2056 250 2106 nostris
261 2056 310 2105 hoc
321 2060 418 2120 penitus
429 2072 571 2120 persuasum
582 2056 708 2116 habemns,
723 2065 747 2105 et
759 2072 842 2105 coram
853 2055 969 2104 omnibus

84 2119 225 2169 hominibus
242 2120 393 2184 profitemur,
408 2121 485 2169 Libro
496 2121 532 2168 illi
544 2128 617 2169 antea
627 2121 722 2183 legibus
732 2121 828 2169 sancito
844 2119 906 2168 nihil
918 2119 968 2168 Dei

84 2183 176 2242 Verbo,
190 2200 237 2233 nec
248 2200 315 2233 sanae
326 2185 452 2244 doctrinae,
466 2186 616 2233 contrarium
630 2185 717 2243 inesse,
730 2184 770 2233 vel
782 2185 849 2248 quod
860 2185 898 2232 vir
911 2183 969 2248 pius

84 2248 137 2296 sine
151 2247 241 2312 injuria
257 2249 413 2298 conscientiae
429 2249 528 2313 exsequi
545 2256 569 2298 et
586 2248 701 2313 amplecti
717 2255 830 2312 nequeat,
844 2247 884 2296 vel
899 2248 969 2311 quod

84 2319 170 2360 contra
177 2328 263 2361 omnes
274 2313 430 2362 adversantes
438 2314 502 2362 bene
511 2313 642 2362 defendere
650 2329 700 2362 non
712 2312 848 2377 possimus:
863 2313 884 2361 si
891 2312 969 2361 modo

85 2376 109 2423 in
121 2392 151 2425 eo
162 2376 348 2441 interpretando
364 2377 510 2426 adhibeatur
520 2378 622 2441 aequitas
633 2378 712 2441 qualis
723 2377 838 2426 omnibus
853 2376 969 2425 humanis

84 2440 187 2504 scriptis,
199 2441 230 2490 iis
240 2442 376 2504 praesertim
387 2457 443 2505 quae
453 2442 553 2504 publica
561 2442 706 2491 anctoritate
716 2441 878 2505 proferuntur,
890 2441 969 2488 immo

84 2505 291 2579 praestantissimis
310 2506 388 2570 ipsius
408 2504 490 2555 Sacrae
511 2505 643 2570 Scripturae
662 2506 822 2565 versionibus,
843 2505 969 2553 communi

84 2585 136 2626 rure
147 2570 256 2618 debetur.

117 2633 148 2681 In
159 2634 205 2682 hac
217 2633 292 2696 igitur
302 2650 328 2682 re
338 2635 446 2697 gerenda
461 2634 509 2682 hoc
525 2635 551 2683 in
567 2635 682 2683 omnibns
697 2634 870 2698 proposuimus
885 2633 966 2693 nobis,

84 2713 129 2745 nec
145 2698 204 2747 huic
223 2713 269 2746 nec
292 2698 336 2756 illi,
355 2714 430 2762 supra
446 2699 548 2747 modum
564 2699 728 2763 quodcunque
748 2699 820 2746 fuerit
837 2698 966 2760 flagitanti,

84 2761 184 2810 factioni
196 2763 356 2826 morigerari:
376 2764 420 2811 sed
437 2763 462 2810 id
479 2762 560 2813 facere
575 2765 642 2828 qnod
658 2764 738 2823 nobis,
752 2779 849 2811 summo
865 2762 970 2810 consilio

84 2827 270 2886 aestimantibus,
297 2843 384 2891 pacem
410 2834 434 2876 et
456 2828 576 2877 unitatem
599 2829 663 2876 intra
686 2827 822 2876 Ecclesiam
845 2827 970 2890 praecipue

83 2899 234 2939 servaturum
261 2892 396 2941 videretur:
418 2899 442 2940 et
458 2893 525 2956 quod
547 2893 574 2941 in
592 2893 640 2942 Dei
665 2892 731 2941 cultu
748 2892 848 2956 publico
873 2890 970 2940 animos

84 2954 213 3002 hominnm
230 2955 263 3004 ad
280 2956 397 3019 pietatem
413 2965 437 3005 et
449 2957 611 3006 reverentiam
628 2958 751 3014 excitaret,
765 2957 970 3019 occasionemque

84 3027 223 3081 amputaret
240 3035 323 3068 eornm
341 3021 384 3084 qui
401 3020 532 3070 cavillandi
549 3021 635 3070 volunt
658 3021 811 3070 occasionem
835 3027 859 3069 et
883 3027 968 3069 contra

85 3082 204 3132 Ecclesiae
215 3083 352 3147 Litnrgiam
385 3085 492 3134 uerendi.
530 3085 604 3148 Quod
616 3087 647 3134 ad
659 3102 688 3134 ea
700 3086 725 3133 in
736 3085 825 3148 quibus
836 3084 876 3132 hic
894 3083 967 3133 Liber

80 3148 196 3221 aptiori,
219 3147 257 3198 vel
274 3101 423 3214 quibusrlam
446 3150 555 3209 mumtis,
574 3150 613 3200 vel
630 3151 728 3208 additis,
749 3150 788 3198 vel
804 3149 896 3210 alioqui
919 3149 964 3197 dis

134 3227 180 3258 xrv
