2092 3450
247 189 357 253 ilsulmi.
612 200 656 246 Ad
670 201 734 261 ἴῳ.

68 370 110 403 cor
141 369 225 403 meum
252 360 279 402 ut
312 355 373 405 turis
385 353 534 419 populorum
547 373 552 403 :
565 362 589 404 et
601 356 740 422 principum

46 437 50 467 t
62 426 139 468 tuum.
312 420 401 469 horum
412 421 455 484 qui
466 420 563 468 suerunt
574 420 600 468 in
612 436 648 470 ea

46 483 88 542 ibi,
97 481 279 532 DomineDeus
345 484 415 534 Sicut
441 485 578 533 laetantium
609 485 739 535 omnium:

46 566 50 592 ι
73 548 147 597 corde
164 563 238 597 meo:
256 556 280 596 et
312 548 433 598 habitatio
444 549 516 598 estin
527 556 558 598 te.

46 613 125 661 'omen
157 619 226 660 tuum
254 612 280 660 in

46 742 280 854 cardiatgauaana
360 753 489 802 mimus
505 752 682 803 nxxxvni.

49 821 279 854 eeruisranimam

46 885 81 919 no
91 870 207 919 inferiore
384 854 503 904 OMINE
547 855 616 904 Deus
655 854 740 904 salutis

46 935 69 983 ui
100 935 281 983 insurrexerunt
411 935 490 968 meae:
509 919 587 968 indie
598 919 703 968 clamavi
714 928 740 968 et

50 1014 176 1062 synagoga
193 1007 279 1062 poten.
311 991 384 1033 nocte
395 999 478 1033 coram
489 991 521 1032 te.

47 1064 178 1112 stammam
185 1078 280 1111 meam:
345 1049 423 1097 Intret
431 1048 457 1096 in
468 1055 600 1112 conspectu
607 1054 650 1097 tuo
661 1049 740 1097 oratio

47 1137 134 1176 uerunt
146 1127 206 1176 {ein
222 1143 280 1175 con.
312 1129 385 1162 mea:
402 1113 493 1161 inelissa
514 1127 598 1162 aurem
620 1120 688 1160 tuam
708 1113 740 1161 ad

312 1193 410 1242 precem
421 1193 519 1226 meam:

46 1256 95 1304 line
112 1257 181 1304 Deus
208 1258 280 1305 mise.
345 1242 411 1304 Quia
421 1241 515 1305 repleta
526 1248 562 1290 est
573 1242 645 1290 malls
656 1241 740 1290 anima

47 1336 121 1370 cors:
139 1293 242 1384 patiens,
256 1328 281 1370 et
312 1322 368 1355 mea
378 1322 390 1383 ¹:
410 1314 435 1355 et
450 1307 502 1380 vita
517 1321 574 1354 mea
584 1305 679 1355 insemo
696 1321 739 1370 ap-

47 1385 130 1445 ordiae,
145 1392 169 1434 et
181 1402 262 1444 verax,
312 1378 494 1445 PTOmelualllt·
559 1416 565 1424 -

61 1465 102 1498 me
124 1457 148 1498 et
167 1451 282 1499 miserere
345 1435 739 1483 AEst1matussumcumdescend·

47 1514 112 1562 Tium
124 1521 193 1562 tuum
205 1531 281 1579 puero
313 1500 410 1548 entibus
428 1499 453 1547 in
465 1499 546 1547 lacum
564 1515 570 1548 t
590 1498 669 1548 sactus
685 1514 739 1548 sum

47 1593 70 1625 m
89 1578 127 1626 sac
145 1578 223 1626 filium
239 1595 281 1627 an.
312 1565 374 1613 sicut
385 1564 461 1612 homo
472 1564 524 1612 sine
536 1562 665 1627 adjutorio,
676 1563 740 1612 inter

313 1636 423 1676 mortuos
434 1628 503 1676 liber.

47 1723 57 1755 1
76 1708 173 1770 signum
192 1708 218 1756 in
238 1709 281 1756 bo.
347 1693 416 1742 Sicut
437 1692 566 1748 vulnerati,
591 1691 740 1741 dormientes

47 1780 95 1820 gam
114 1772 157 1835 qui
178 1772 283 1821 oderunt
313 1757 340 1806 in
356 1756 499 1820 sepulchris,
522 1771 627 1820 quorum
647 1771 740 1805 nones

48 1836 282 1900 danturgquoniam
313 1837 409 1870 memor
435 1820 541 1884 amplius
562 1826 611 1870 :et
636 1820 684 1885 ipsi
709 1821 741 1870 de

49 1900 164 1963 adjuvisti
185 1917 233 1960 me,
259 1908 282 1948 et
314 1901 389 1933 manu
401 1892 444 1933 tua
454 1885 544 1948 repulsi
556 1892 619 1933 sunt.

47 1980 91 2013 me,
348 1950 484 1998 Posuerunt
509 1964 550 1997 me
566 1949 592 1996 in
609 1948 664 1997 lacu
680 1949 739 1997 inie-

313 2014 387 2063 riori:
400 2013 426 2062 in
437 2013 571 2062 tenebrosis
582 2013 643 2062 etin
654 2014 742 2063 umbra

314 2079 406 2126 mortis.

58 2113 216 2162 LXXXVII*
348 2143 427 2205 Super
454 2157 495 2190 me
521 2141 678 2191 confirmatus
705 2151 742 2191 est

47 2205 158 2253 lENTA
180 2206 232 2269 ejus
259 2206 285 2254 in
315 2206 382 2255 furor
403 2214 476 2255 tuus:
494 2213 518 2254 et
545 2222 631 2255 omnes
654 2205 743 2256 fluctus

49 2285 77 2318 us
85 2270 175 2318 sanctis
186 2286 192 2319 :
205 2270 286 2334 diligit
317 2279 372 2319 tuos
383 2270 500 2319 induxisti
512 2286 585 2334 super
595 2286 642 2319 me.

48 2342 96 2382 rtas
124 2334 186 2384 Sion
213 2351 286 2398 super
350 2335 437 2398 Longe
453 2334 531 2383 fecisti
548 2342 621 2384 notos
640 2350 743 2384 meosa

47 2398 209 2462 aculaJacob.
317 2415 376 2448 me:
393 2408 526 2462 posuerunt
553 2415 594 2448 me
616 2400 742 2448 abomina-

47 2463 97 2511 icta
117 2472 174 2512 sunt
195 2463 227 2511 de
244 2469 285 2512 te:
318 2464 411 2512 tionem
422 2464 477 2512 sibi.

351 2528 468 2576 Traditus
485 2543 548 2587 sum,
567 2536 592 2576 et
609 2543 659 2576 non
676 2543 743 2591 egre·

61 2591 149 2639 Rahab
165 2599 189 2639 et
205 2591 286 2654 Baby·
318 2592 420 2641 diebar:
438 2592 503 2640 oculi
527 2593 576 2640 mei
598 2592 745 2655 languerunt

48 2657 94 2703 lum
106 2663 137 2704 te.
318 2672 369 2720 prae
380 2657 471 2720 inopia.

48 2735 116 2783 genae
132 2727 157 2768 et
168 2720 248 2782 Tyrus
263 2727 287 2768 et
352 2721 463 2770 Clamavi
471 2719 503 2768 ad
514 2727 546 2779 te,
557 2719 681 2768 Domine:
692 2725 745 2768 tota

48 2800 122 2847 opum
135 2801 140 2833 :
153 2784 179 2831 hi
189 2784 286 2833 suerunt
319 2785 359 2833 die
371 2785 477 2848 expandi
489 2785 520 2832 ad
532 2791 557 2832 te
568 2799 656 2832 manus
667 2799 741 2834 meas.

351 2849 480 2912 Numquid
491 2848 593 2896 mortuis
609 2847 683 2896 iacies
699 2849 744 2897 mi·

50 2914 92 2961 ion
103 2913 177 2972 dicet,
190 2913 284 2972 Homo,
318 2913 421 2962 rabilia:
435 2918 476 2960 aut
485 2912 574 2960 medici
583 2913 742 2970 suscitabunt,

48 2993 65 3026 rs
93 2985 129 3026 est
155 2978 244 3026 inea:
262 2986 287 3026 et
319 2985 342 3026 et
354 2976 535 3026 confitebuntur
545 2976 609 3025 tibi?

48 3057 102 3090 eam
115 3042 277 3091 Altissimus?
351 3041 479 3104 Numquid
496 3041 604 3089 narrabit
615 3040 704 3106 aliquis
719 3041 745 3090 in

48 3106 142 3154 narrabit
164 3107 190 3154 in
212 3107 286 3170 scrip·
318 3105 447 3170 sepulchro
456 3105 758 3155 misericordiamtuamx

303 3175 316 3213 S
