2092 3450
310 127 442 184 bonitius
460 128 524 185 iiii.
542 128 680 186 autentus.

60 308 103 350 tuo
114 301 228 350 cantabo.
265 301 299 349 Et
310 301 399 350 iterum
413 301 488 349 dicit:
519 301 615 361 timore,
635 307 660 350 et
679 300 868 364 exspectatione,
887 317 941 364 quae

59 366 194 414 Laetamini
218 373 305 428 gentes
332 381 388 414 cum
415 365 489 429 plebe
518 365 690 428 supervenient
722 365 835 414 universo
871 367 944 424 orbi3

60 429 121 492 ejus.
174 430 209 478 Et
236 430 342 478 iterum:
376 429 488 478 Laudate
518 444 576 476 nam
598 429 699 478 virtutes
721 429 840 477 coelorum
861 445 943 478 move·

60 508 148 542 omnes
169 501 255 556 gentes
278 493 435 542 Dominum:
464 501 488 542 et
518 493 845 542 buntur:ettuncvidebunt
854 493 944 541 Filium

59 557 484 621 magnificateeumomnespopuii.
520 557 638 606 Hominis
659 557 799 606 venientem
825 557 852 605 in
878 557 944 606 nube

59 622 94 669 Et
110 637 194 670 rursus
210 622 287 670 Isaias
298 624 349 670 ait:
367 621 421 670 Erit
438 622 488 669 Ra·
519 636 576 670 cum
586 628 708 685 potestate
718 637 809 684 magna
820 629 844 670 et
858 621 944 683 majes-

58 687 191 750 dixJesse,
202 692 227 735 et
235 686 278 750 qui
286 693 397 748 exsurget
406 701 489 748 regere
520 693 577 734 tate.
614 685 663 733 His
672 692 754 734 autem
766 685 818 734 fien'
826 686 944 749 incipien-

58 750 484 813 gentes,ineumgentessperabunt.
519 750 593 809 tibus,
607 750 726 813 respicite,
738 757 761 798 et
772 749 851 798 levate
863 751 945 814 capita

60 815 133 863 Deus
155 822 239 863 autem
257 814 311 877 spei
329 814 423 876 repleat
444 829 489 862 vos
518 820 615 862 vestra:
632 813 749 877 quoniam
764 814 945 877 appropinquat

58 878 132 927 omni
141 878 232 941 gaudio
244 885 268 926 et
279 893 341 941 pace
351 878 378 925 in
389 877 488 926 creden·
518 878 656 940 redemptio
667 885 753 927 vestra
782 878 815 926 Et
824 878 885 926 divit
896 878 945 926 illis

58 942 112 991 do:
129 951 157 990 ut
167 941 299 990 abundetis
307 942 333 989 in
343 957 395 1006 spe,
407 948 432 990 et
442 945 489 990 vir·
519 941 723 990 similitudinem:
756 941 847 990 Videte
877 941 944 990 ficul-

60 1013 115 1055 tute
126 1006 233 1070 Spiritus
245 1006 337 1055 Sancti.
519 1021 600 1064 neam,
614 1013 639 1054 et
655 1021 741 1054 omnes
757 1005 872 1054 arbores:
889 1022 944 1055 cum

446 1083 451 1090 ·
520 1069 659 1133 producunt
676 1069 729 1133 jam
740 1086 771 1119 ex
786 1086 812 1119 se
828 1070 941 1130 fructum,

179 1135 355 1204 ibbangtlittttt.
520 1135 587 1182 scitis
598 1134 715 1198 quoniam
726 1150 804 1209 prope
815 1141 941 1209 estnaestas.

161 1237 187 1287 S·
202 1237 336 1287 Lueaexxi·
351 1246 389 1300 2⁵·
521 1199 945 1327 iiieiciiieiiiniiessiffpehssss

127 1326 234 1374 Terunt
250 1326 321 1389 signa
340 1327 365 1373 in
382 1327 441 1385 soie,
465 1332 490 1374 et
520 1327 685 1389 regnumDei
712 1327 942 1385 Amendicovobis,

150 1390 332 1450 lunaetstellis,
342 1398 366 1438 et
374 1393 400 1438 in
409 1390 487 1450 terris,
520 1391 578 1453 quia
597 1406 648 1438 non
667 1391 801 1453 praeteribit
820 1391 945 1454 generatio

60 1470 176 1518 pressura
201 1455 312 1517 gentium
333 1470 384 1518 prae
406 1454 490 1503 confu-
520 1453 830 1513 haec,donecomniafiant.
847 1455 944 1503 Coelum

61 1519 133 1567 sione
139 1519 234 1567 sonitus
238 1519 320 1578 maris,
327 1526 351 1567 et
356 1518 475 1566 fluctuum
483 1537 489 1566 z
519 1525 543 1567 et
552 1525 616 1566 terra
622 1519 774 1567 transibunt:
783 1519 858 1567 verba
864 1526 945 1567 autem

62 1583 229 1632 arescentibus
261 1583 404 1631 hominibus
437 1598 489 1646 pree
520 1598 576 1631 mea
587 1598 637 1631 non
649 1583 793 1631 transibunt.

313 1820 444 1877 bertinia
459 1819 544 1876 nutu
559 1819 697 1877 autarius.

215 1963 319 2019 Statio.
655 1956 783 2025 epistota.

134 2099 253 2149 oirnvu
263 2099 323 2162 Jesu
334 2097 492 2160 orestem
628 2071 684 2119 ¹³d
697 2071 753 2120 ‘3⁰²
769 2071 800 2120 iv·
818 2085 837 2120 ¹·

166 2164 192 2212 in
211 2163 292 2226 pn'mo
311 2163 429 2210 Adventu
449 2169 492 2209 tuo
576 2160 612 2209 IC
630 2176 676 2209 nos
692 2160 813 2209 existimet
830 2159 905 2208 homo
919 2169 945 2207 ut

64 2229 180 2278 nuntium
196 2235 265 2276 tuum
281 2226 369 2274 misisti
382 2227 414 2274 ad
430 2241 492 2288 prae-
608 2225 732 2273 ministros
745 2224 844 2283 Christi,
859 2232 883 2273 et
899 2225 946 2272 dis·

65 2292 202 2358 parandam
219 2298 276 2339 ante
289 2298 314 2339 te
324 2291 390 2338 viam
406 2297 491 2338 tuam:
521 2296 662 2352 pensatores
689 2289 859 2351 mysteriorum
887 2289 943 2336 Dei.

66 2358 108 2406 Da
114 2356 233 2404 ministris
244 2361 269 2403 et
284 2354 492 2417 dispensatoribus
523 2354 575 2401 Hic
583 2353 635 2416 jam
647 2354 763 2416 quaeritur
774 2353 836 2401 inter
849 2353 946 2416 dispen-

65 2420 237 2484 mysteriorum
248 2426 346 2467 tuorum
355 2418 428 2466 simili
440 2433 492 2465 mo·
521 2424 620 2476 satores,
640 2425 667 2465 ut
685 2416 763 2465 fidelis
783 2419 837 2480 quis
854 2417 946 2465 inveni-

65 2486 99 2534 do
119 2485 155 2533 ita
171 2484 238 2532 viam
256 2489 325 2530 tuam
344 2497 489 2556 praeparare,
521 2489 581 2530 atur.
619 2481 683 2529 Mihi
695 2489 776 2529 autem
787 2497 833 2544 pro
844 2481 947 2529 minimo

66 2548 234 2598 convertendo
251 2547 327 2595 corda
342 2544 491 2594 incredulor-
522 2551 601 2594 estut
619 2561 634 2593 a
650 2545 720 2593 vobis
734 2545 837 2608 judicer,
857 2552 898 2592 aut
915 2545 947 2591 ab

66 2612 316 2676 umadprudentiam
325 2609 454 2673 justorum,
465 2616 492 2658 ut
521 2609 630 2658 humano
652 2610 711 2658 die:
732 2610 776 2658 sed
795 2625 874 2672 neque
896 2625 946 2656 me-

67 2693 124 2726 cum
140 2677 224 2751 Judex
239 2674 325 2723 mundi
344 2675 432 2723 iterum
450 2674 492 2721 ad·
521 2674 603 2737 ipsum
609 2674 700 2736 judico.
732 2673 803 2721 Nihil
813 2672 946 2720 enimmihi
983 2675 986 2682 ’

68 2757 170 2799 veneris,
192 2755 238 2788 nos
260 2739 366 2802 populus
387 2738 434 2787 tibi
453 2753 491 2785 ac·
522 2738 632 2786 conscius
643 2754 714 2786 sum:
731 2738 774 2785 sed
790 2752 841 2784 non
857 2736 883 2784 in
900 2736 947 2783 hoc

67 2814 152 2869 ceptus
168 2803 328 2852 inveniamur.
366 2802 416 2865 Qui
432 2802 493 2850 vivis
520 2801 666 2865 justificatus
693 2817 763 2849 sum:
794 2801 837 2864 qui
864 2808 946 2848 autem

66 2878 91 2918 et
113 2883 202 2932 regnas
225 2883 281 2915 cum
299 2867 371 2915 Patre
392 2867 418 2914 in
439 2867 492 2914 uni-
521 2867 615 2929 judicat
627 2882 674 2924 me,
685 2865 808 2913 Dominus
817 2870 859 2912 est.
897 2864 946 2911 Ita-

67 2941 119 2982 tate
152 2932 260 2995 Spiritus
293 2930 378 2979 Sancti
414 2931 490 2988 Deus,
522 2929 654 2994 quenolite
663 2935 822 2991 antetempus
827 2927 944 2991 judicare,

67 3013 112 3062 per
129 2996 215 3045 omnia
231 2994 321 3044 saecule
339 2994 490 3044 saeculorum
523 2994 634 3058 quoadus
652 3009 683 3041 ue
703 2992 786 3041 veniat
814 2993 943 3048 Dominus,

69 3065 157 3110 Amen.
240 3051 245 3066 ⁸
524 3058 567 3121 qui
589 3065 613 3106 et
635 3009 784 3105 iiluminabit
803 3057 947 3106 abscondita

132 3135 165 3187 33
501 3137 515 3170 ⁰
