2092 3450
440 171 480 227 m
497 151 653 232 matrinas.

139 322 212 369 Pater
238 335 254 368 a
280 319 349 369 nulio
376 325 413 369 est
439 320 535 369 sactus:
565 318 726 368 Divinitatem
742 335 749 368 r
765 319 846 368 minor
863 321 936 369 Patre
956 335 993 369 se·

106 400 152 434 nec
163 391 264 444 creatus,
278 399 324 434 nec
334 385 437 448 genitus.
565 384 672 432 cundum
685 384 879 432 Humanitatem.

140 449 217 498 Filius
229 452 248 496 'a
260 450 332 497 Patre
343 448 396 497 solo
413 455 466 497 est:
483 463 534 496 non
598 448 647 510 Qui
660 447 718 496 licet
729 448 798 496 Deus
809 448 840 496 sit
851 455 876 497 et
888 449 975 497 Homo
987 467 993 496 r

105 513 191 572 sactus,
202 527 248 562 nec
259 519 361 571 creatus,
372 511 416 562 sed
426 513 530 575 genitus.
564 527 625 624 ‘ciiii
633 511 684 560 duo
702 519 793 572 tamen,
813 512 857 561 sed
874 528 937 561 unus
956 521 993 562 est

139 577 244 641 Spiritus
265 576 369 625 Sanctus
388 591 404 625 a
420 577 493 625 Patre
510 585 534 626 et
626 583 695 635 stus;

108 641 172 689 Filio
187 657 256 690 :non
267 641 352 700 sactus,
367 655 413 690 nec
428 651 530 700 creatus,
598 639 669 689 Unus
680 646 763 688 autem
771 655 822 688 non
834 640 994 690 conversione

105 721 152 754 uec
162 705 266 769 genitus,
280 705 323 754 sed
335 705 475 768 procedens.
565 703 708 752 Divinitatis
724 704 751 752 in
767 719 865 753 carnem
880 705 942 754 :sed
954 721 992 753 as·

139 770 210 818 Unus
233 784 291 832 ergo
313 769 394 828 Pater,
412 784 464 817 non
484 775 534 818 tres
564 767 704 831 sumptione
751 768 923 818 Humanitatis
966 769 993 816 in

106 834 190 882 Patres
206 851 213 892 ;
229 849 293 882 unus
311 831 397 894 Filius,
417 848 468 882 non
485 839 534 882 tres
565 832 665 892 Deum;
1011 852 1014 859 ·

106 897 164 945 Filii
182 915 188 944 :
204 913 267 946 unus
291 895 396 961 Spiritus
419 896 530 956 Sanctus,
598 895 670 945 Unus
691 896 811 956 omnino;
834 912 886 944 non
908 896 992 945 consu·

106 977 155 1010 non
164 968 212 1010 tres
224 961 329 1024 Spiritus
341 961 432 1011 Sancti.
563 959 632 1008 sione
650 959 799 1009 Substantiae
815 977 822 1009 r
838 960 882 1009 sed
898 961 993 1010 unitate

137 1025 170 1073 Et
198 1025 225 1073 in
251 1025 298 1073 hac
324 1025 445 1073 Trinitate
471 1024 534 1074 nihil
565 1025 685 1073 Personae.

105 1089 171 1152 prius
180 1096 221 1137 aut
230 1089 350 1152 posterius
367 1089 446 1138 :nihii
454 1089 533 1152 majus
597 1088 664 1136 Nam
683 1087 745 1136 sicut
764 1087 847 1136 anima
866 1087 993 1137 rationalis

105 1154 257 1213 autminus;
564 1158 589 1201 et
614 1167 671 1201 caro
695 1165 758 1201 unus
780 1160 817 1201 est
838 1152 916 1201 homo
933 1171 939 1201 r
958 1153 994 1202 ita

138 1218 190 1267 Sed
209 1225 268 1266 totae
286 1224 336 1266 tres
358 1217 472 1266 Personae
492 1232 532 1266 co·
565 1216 634 1265 Deus
647 1222 672 1265 et
685 1215 761 1265 homo
776 1228 840 1266 unus
855 1223 892 1265 est
909 1217 992 1266 Chris·

105 1289 201 1331 aetemae
210 1279 257 1330 sibi
265 1288 338 1330 sunt:
354 1288 379 1330 et
387 1282 529 1346 coaequales.
564 1287 603 1329 tus
614 1298 620 1338 ;

137 1347 177 1395 Ita
191 1352 218 1393 ut
237 1361 281 1410 per
296 1346 387 1405 omnia,
404 1345 467 1394 sicut
480 1345 534 1409 jam
597 1343 647 1406 Qui
672 1359 757 1408 passus
782 1351 819 1393 est
843 1358 889 1408 pro
914 1345 993 1394 salute

104 1411 271 1473 supradictum
288 1417 324 1458 est
339 1428 345 1458 r
360 1417 384 1458 et
402 1409 491 1459 Unitas
507 1409 534 1462 in
564 1417 647 1457 nostra
665 1426 672 1457 r
689 1409 816 1458 descendit
837 1408 869 1458 ad
891 1409 989 1469 inferos,

105 1475 234 1532 Trinitate‚
254 1481 279 1523 et
301 1474 409 1523 Trinitas
427 1474 453 1522 in
470 1473 532 1523 Uni-
564 1472 636 1522 tertia
646 1473 687 1522 die
698 1473 825 1522 resurrexit
837 1489 852 1522 a
863 1473 972 1523 mortuis.

105 1546 162 1598 tate,
176 1537 316 1587 veneranda
326 1538 364 1587 sit.
596 1537 717 1586 Ascendit
731 1537 764 1585 ad
777 1537 861 1597 coelos,
875 1537 945 1586 sedet
959 1537 991 1586 ad

137 1602 187 1664 Qui
208 1602 261 1651 vult
283 1617 341 1665 ergo
363 1601 443 1651 salvus
464 1618 533 1652 esse:
563 1600 689 1650 dexteram
714 1601 771 1659 Dei,
799 1602 879 1649 Patris
904 1601 992 1650 Omni-

104 1666 138 1714 ita
149 1668 181 1714 de
192 1665 313 1716 Trinitate
324 1666 419 1715 sentiat.
563 1665 671 1739 potentis
697 1682 703 1712 τ
725 1665 783 1714 inde
808 1670 922 1714 venturus
955 1674 992 1714 est

137 1730 188 1780 Sed
198 1731 361 1779 necessarium
372 1738 408 1779 est
419 1729 452 1778 ad
463 1730 532 1779 aeter·
560 1729 672 1792 Judicare
682 1729 751 1778 vivos
762 1736 786 1777 et
797 1736 915 1778 mortuos.

104 1794 532 1844 namsalutemzutlncamationem
595 1793 638 1842 Ad
661 1792 729 1855 cujus
750 1792 884 1842 adventum
906 1809 993 1843 omnes

104 1873 203 1922 quoque
234 1858 336 1908 Domini
367 1859 444 1908 nostri
472 1859 532 1923 Jesu
562 1856 675 1906 homines
690 1873 814 1920 resurgere
826 1857 920 1906 habent
935 1873 992 1906 cum

106 1923 197 1972 Christi
209 1921 314 1971 fideliter
325 1923 414 1971 credat.
563 1921 707 1984 corporibus
729 1921 777 1969 suis
800 1927 850 1970 :et
872 1921 993 1970 reddituri

137 1987 183 2035 Est
197 2003 256 2050 ergo
267 1986 342 2036 Fides
357 1993 430 2047 recta,
441 1993 469 2035 ut
481 2002 531 2035 cre·
562 1992 618 2034 sunt
627 1985 659 2034 de
667 1984 737 2033 sactis
746 1985 851 2049 propriis
858 1985 988 2034 rationem.

104 2050 192 2099 damus
216 2059 240 2100 et
267 2049 426 2099 confiteamur
446 2068 453 2099 r
473 2052 532 2115 quia
595 2049 628 2097 Et
648 2048 690 2112 qui
709 2049 775 2097 bona
792 2055 901 2113 egerunt,
919 2050 992 2099 ibunt

106 2115 227 2163 Dominus
236 2115 399 2179 nosterJesus
408 2115 527 2174 Christus,
561 2112 588 2162 in
610 2113 685 2161 vitam
707 2120 825 2162 aeternam
844 2131 850 2162 =
867 2113 911 2177 qui
932 2130 992 2163 vero

106 2179 154 2227 Dei
181 2179 267 2240 Filius,
295 2179 363 2228 Deus
390 2185 416 2228 et
443 2179 530 2228 Homo
561 2177 664 2225 malain
672 2177 755 2240 ignem
766 2183 891 2226 aeternum.

105 2250 158 2301 est;
595 2241 659 2290 Haec
684 2248 720 2290 est
743 2241 818 2290 Fides
840 2240 990 2291 Catholicae

138 2308 206 2356 Deus
226 2313 263 2356 est
280 2323 310 2356 ex
330 2307 467 2356 substantia
484 2308 530 2355 Pa·
562 2320 637 2368 quam
669 2305 717 2354 nisi
746 2305 853 2417 {uisque
886 2304 992 2355 fideliter

105 2371 155 2430 tris,
178 2378 235 2420 ante
255 2371 345 2420 saecula
366 2372 462 2435 genitus
482 2388 488 2419 r
506 2379 530 2420 et
563 2369 698 2428 crediderit,
734 2384 745 2418 s
771 2385 815 2417 vus
850 2384 904 2419 esse
939 2386 991 2419 non

108 2436 192 2485 Homo
201 2441 237 2484 est
246 2451 276 2483 ex
287 2435 423 2485 substantia
432 2435 527 2495 Matris,
562 2433 658 2498 poterit

105 2500 131 2548 in
142 2500 231 2549 saeculo
242 2505 331 2559 natus;
594 2497 681 2546 Gloria
707 2495 783 2557 Patri,
808 2504 832 2546 et
855 2497 921 2548 Filio
942 2504 991 2548 ret

138 2563 262 2613 Perfectus
298 2564 374 2624 Deus,
409 2562 530 2638 perfectus
562 2561 665 2626 Spiritui
677 2561 787 2621 Sancto;

107 2628 192 2677 Homo
207 2645 214 2676 r
229 2643 259 2676 ex
276 2627 358 2675 anima
374 2627 487 2676 ratronali
506 2636 530 2676 et
594 2625 664 2675 Sicut
689 2631 741 2674 erat
762 2625 789 2673 in
810 2624 941 2690 principio,
966 2635 991 2676 et

105 2692 213 2741 humana
223 2707 295 2740 carne
306 2691 455 2752 subsistens;
561 2704 633 2748 nunc,
648 2695 673 2739 et
689 2704 786 2753 semper
800 2697 842 2738 :et
857 2690 883 2738 in
899 2689 991 2740 saecula

138 2756 251 2824 AEqualis
290 2755 358 2806 Patri
396 2755 531 2806 secundum
561 2753 712 2803 saeculorum.
750 2754 839 2805 Amen.
