2040 3458
242 174 377 232 numium
393 174 457 231 iufra
475 175 601 233 mutabam
617 176 783 234 &artusinus

66 393 112 444 hoc
132 395 248 444 restitues
267 410 371 460 regnum
393 395 493 446 Israel?
523 403 547 445 et
568 396 684 445 duritiam
703 395 805 446 cordis:
828 398 887 461 quia
908 397 945 458 iis,

67 458 134 508 Dixit
144 465 229 509 autem
256 458 262 471 '
291 459 375 509 :Non
391 467 428 509 est
438 475 492 509 ves·
522 460 564 524 qui
579 460 692 510 viderant
708 476 766 509 eum
780 461 945 520 resurrexisse,

66 530 128 572 trum
149 475 361 588 nossessempora
379 525 419 573 vel
438 540 491 573 mo·
522 525 744 574 noncrediderunt.
780 526 814 574 Et
824 525 886 574 dixit
895 526 948 575 eis:

66 594 154 648 menta,
168 603 226 652 quae
238 588 312 637 Pater
317 588 400 652 posuit
410 589 437 637 in
448 605 493 637 sua
523 588 616 638 Euntes
627 589 653 637 in
663 589 784 637 mundum
797 590 944 648 universum,

65 657 203 714 potestate:
219 652 265 701 sed
280 652 406 716 accipietis
415 653 492 702 virtu·
521 653 655 716 praedicate
689 653 844 716 evangelium
879 654 947 704 omni

65 721 114 764 tem
150 716 347 780 supervenientis
386 717 492 782 Spiritus
522 723 646 766 creatura.
689 717 739 780 Qui
760 719 898 780 crediderit,
923 726 949 767 et

67 779 150 830 Sancti
173 781 200 829 in
219 796 273 840 voS,
297 788 322 830 et
344 781 411 830 eritis
429 781 492 831 mihi
521 781 658 856 baptizatus
677 782 756 842 suerit,
781 783 862 831 salvus
884 783 947 832 erit:

65 844 175 895 testesin
187 845 334 908 Jerusalem,
348 853 373 895 et
385 845 492 895 inomni
522 860 565 957 3OE
583 860 642 894 vero
661 861 713 895 non
731 847 868 906 crediderit,
889 863 947 896 con·

62 907 324 971 JudaeaetSumaria,
338 916 363 959 et
371 926 449 974 usque
458 910 492 959 ad
540 910 685 958 emnabitur.
722 910 944 974 Signaautemeos,

65 971 179 1022 ultimum
197 979 276 1022 terrae
313 974 346 1023 Et
364 989 420 1023 cum
437 974 492 1024 haec
522 973 565 1036 qui
574 973 728 1034 crediderint,
737 974 791 1025 haec
799 984 946 1039 sequentur:

65 1035 171 1096 dixisset,
185 1037 326 1086 videntibus
340 1038 396 1098 illis,
411 1038 491 1088 eleva·
522 1037 554 1086 In
564 1039 665 1087 nomine
675 1053 732 1087 meo
743 1039 866 1088 daemonia
880 1039 946 1102 ejici·

64 1106 100 1150 tus
109 1107 148 1150 est
161 1118 168 1149 ε
188 1108 215 1150 et
226 1103 304 1151 nubes
314 1103 420 1166 suscepit
434 1117 492 1152 eum
522 1110 583 1151 eut:
608 1102 698 1165 linguis
714 1102 846 1168 loquentur
859 1104 946 1153 novis:

64 1165 184 1215 aboculis
199 1181 291 1216 eorum
328 1166 441 1231 Cumque
454 1167 491 1216 in-
521 1173 646 1230 serpentes
660 1166 763 1216 tollent:
780 1175 805 1216 et
821 1168 843 1216 si
861 1168 946 1216 morti·

64 1236 189 1279 tuerentur
219 1230 246 1278 in
273 1229 364 1279 coelum
391 1238 490 1280 euntem
520 1230 599 1279 ferum
620 1231 681 1296 quid
702 1230 816 1291 biberint,
838 1247 889 1281 nou
911 1232 946 1281 eis

64 1292 141 1353 illum,
161 1309 220 1343 ecoe
233 1294 285 1343 duo
301 1294 347 1342 viri
361 1295 490 1344 astiterunt
520 1294 638 1344 nocebit:
665 1310 739 1358 super
757 1311 835 1359 aegros
858 1312 946 1345 manus

62 1355 129 1419 juxta
139 1357 199 1408 illos
209 1358 351 1407 investibus
362 1359 432 1418 albis,
446 1359 490 1424 qui
520 1359 656 1423 imponent,
676 1367 701 1408 et
722 1359 786 1409 bene
807 1359 942 1409 habebunt.

64 1423 230 1471 etdixerunt:
247 1422 302 1471 Viri
313 1423 419 1484 Galilaei,
429 1424 490 1489 quid
521 1423 555 1471 Et
584 1422 707 1473 Dominus
734 1424 834 1487 quidem
862 1425 943 1489 Jesus,

62 1487 129 1535 statis
158 1486 306 1551 aspicientes
331 1488 358 1537 in
381 1488 490 1537 coelum?
519 1493 651 1551 postquam
668 1487 764 1537 locutus
784 1496 821 1537 est
839 1488 882 1548 eis,
907 1505 944 1537 as·

63 1549 110 1599 Hic
119 1551 203 1615 Jesus,
217 1551 260 1615 qui
275 1558 414 1615 assumptus
425 1559 489 1602 esta
519 1560 631 1616 sumptus
642 1558 678 1600 est
689 1551 716 1599 iu
727 1551 825 1613 coelum,
839 1558 864 1601 et
875 1553 944 1602 sedet

61 1615 130 1664 vobis
154 1615 181 1663 in
208 1615 307 1677 coelum,
335 1616 371 1665 sic
394 1617 484 1675 veniet,
518 1616 649 1665 adexteris
657 1615 713 1664 Dei.
750 1616 944 1680 Illiautempro·

61 1679 270 1742 quemadmodum
302 1680 398 1730 vidistis
430 1697 487 1730 eum
517 1678 576 1729 fecti
613 1679 807 1744 praedicaverunt
841 1681 941 1745 ubique,

61 1743 306 1794 euntemincoelum.
519 1742 629 1794 Domino
657 1751 812 1807 cooperante,
843 1752 867 1794 et
894 1761 943 1794 ser·

10 274 23 757 ἱ
67 336 161 380 centes:
178 330 298 390 Domine,
312 331 493 396 siintempore
522 331 851 396 probravitincredulitatem
864 348 949 382 eorum

13 1854 16 1865 ,
517 1823 617 1857 monem
635 1807 803 1869 confirmante,
822 1810 943 1874 sequenti·

12 1870 16 1906 ‘
185 1879 358 1949 uirtutium.
516 1871 656 1965 busbsignis.

149 1973 176 2024 S.
193 1973 272 2023 Marc.
287 1973 334 2023 xvi
352 1986 389 2035 14

97 2060 192 2111 ESUS
214 2061 415 2111 recumbentibus
436 2062 485 2112 illis

58 2060 87 2210 J
112 2125 233 2176 undecim
250 2127 386 2191 apparuit:
403 2134 428 2176 et
444 2143 485 2177 ex·

238 2291 370 2349 Bumiuira
380 2292 444 2350 iufra
457 2295 580 2352 &mabam
591 2295 754 2354 ammittis

214 2414 317 2472 uratia.
516 2429 598 2473 tecum
614 2423 676 2474 vivit
694 2430 720 2474 et
738 2432 825 2489 regnat
841 2425 868 2474 in
885 2425 939 2474 uni·

122 2508 371 2574 EU39Rexglofiae,
382 2511 483 2576 quiuni,
515 2494 567 2537 tate
593 2488 703 2553 ejusdem
722 2489 833 2566 'Spiritus
856 2490 941 2539 Sancti

143 2589 203 2622 cum
214 2573 307 2623 Fffium
317 2582 388 2624 tuum
397 2576 483 2639 Jesum
516 2552 592 2613 Deus,
607 2568 652 2617 per
662 2569 746 2603 omma
762 2554 851 2604 saecula
864 2569 940 2603 saecu·

56 2635 183 2687 Christum
218 2638 422 2702 triumphatorem
456 2640 483 2689 in
514 2616 600 2666 lorum
638 2620 726 2667 Am·

55 2701 155 2751 coelcste
180 2707 252 2750 tuum
277 2718 381 2766 regnum
405 2704 481 2752 exalt-

55 2765 120 2827 asti3
144 2765 188 2814 Ne
206 2766 362 2831 derelinquas
381 2783 428 2817 nos
443 2784 481 2817 or·
559 2787 568 2802 ,
658 2789 685 2844 fi
703 2789 775 2845 imp,

54 2829 150 2893 pbnuos
164 2847 172 2890 3
188 2830 233 2879 sed
248 2831 319 2880 mitte
336 2832 408 2881 nobis
426 2833 482 2896 Spi·
686 2804 702 2856 ³¹
777 2831 782 2841 ’

55 2894 128 2943 ritum
142 2894 264 2944 Sanctum
280 2902 358 2954 tuum,
377 2897 420 2960 qui
436 2913 482 2947 nos
624 2934 635 2970 1
649 2922 674 2971 S·
689 2921 742 2971 pet·
757 2922 788 2971 iv·
805 2932 827 2984 7·

55 2957 202 3018 consoletur,
228 2966 253 3008 et
272 2975 303 3008 eo
322 2960 410 3009 evehat
431 2976 482 3025 quo

56 3021 179 3072 Dominus
206 3030 231 3073 et
259 3023 375 3073 Salvator
400 3033 482 3075 noster
582 3027 710 3076 MNIUM
732 3026 787 3076 finis
804 3030 937 3093 appropin-

56 3086 263 3212 Jesus87Christus
282 3089 413 3153 praecessit,
438 3091 482 3156 qui
614 3091 705 3158 quatit.
767 3093 856 3143 Estote
891 3095 938 3145 its-
