<?xml version="1.0" encoding="UTF-8"?>
<!DOCTYPE html PUBLIC "-//W3C//DTD XHTML 1.0 Transitional//EN"
    "http://www.w3.org/TR/xhtml1/DTD/xhtml1-transitional.dtd">
<html xmlns="http://www.w3.org/1999/xhtml" xml:lang="en" lang="en">
 <head>
  <title>
</title>
<meta http-equiv="Content-Type" content="text/html;charset=utf-8" />
  <meta name='ocr-system' content='tesseract 3.04.00' />
  <meta name='ocr-capabilities' content='ocr_page ocr_carea ocr_par ocr_line ocrx_word'/>
</head>
<body>
  <div class='ocr_page' id='page_1' title='image "./liberprecumpubl00briggoog_0401.png"; bbox 0 0 2092 3450; ppageno 0'>
   <div class='ocr_carea' id='block_1_1' title="bbox 111 150 1038 2044">
    <p class='ocr_par' dir='ltr' id='par_1_1' title="bbox 351 150 737 233">
     <span class='ocr_line' id='line_1_1' title="bbox 351 150 737 233; baseline -0.016 -22"><span class='ocrx_word' id='word_1_1' title='bbox 351 150 502 213; x_wconf 69' lang='lat' dir='ltr'><strong>ormella</strong></span> <span class='ocrx_word' id='word_1_2' title='bbox 517 150 737 233; x_wconf 52' lang='lat' dir='ltr'><strong>§summm</strong></span> 
     </span>
    </p>

    <p class='ocr_par' dir='ltr' id='par_1_2' title="bbox 111 294 997 727">
     <span class='ocr_line' id='line_1_2' title="bbox 114 294 995 369; baseline -0.002 -14"><span class='ocrx_word' id='word_1_3' title='bbox 114 298 231 355; x_wconf 85' lang='lat' dir='ltr'><strong>Domini</strong></span> <span class='ocrx_word' id='word_1_4' title='bbox 242 298 334 355; x_wconf 83' lang='lat' dir='ltr'><strong>nostri</strong></span> <span class='ocrx_word' id='word_1_5' title='bbox 362 316 414 355; x_wconf 77' lang='lat' dir='ltr'><strong>esu</strong></span> <span class='ocrx_word' id='word_1_6' title='bbox 428 298 541 369; x_wconf 73' lang='lat' dir='ltr'><strong>Cluristi,</strong></span> <span class='ocrx_word' id='word_1_7' title='bbox 569 294 995 363; x_wconf 74' lang='lat' dir='ltr'><strong>ausintautfirertntmmtnt,</strong></span> 
     </span>
     <span class='ocr_line' id='line_1_3' title="bbox 111 364 996 441; baseline -0.002 -16"><span class='ocrx_word' id='word_1_8' title='bbox 111 370 300 441; x_wconf 74' lang='lat' dir='ltr'><strong>utdignitatis</strong></span> <span class='ocrx_word' id='word_1_9' title='bbox 360 384 542 441; x_wconf 76' lang='lat' dir='ltr'><strong>quaruvoca·</strong></span> <span class='ocrx_word' id='word_1_10' title='bbox 571 364 996 437; x_wconf 68' lang='lat' dir='ltr'><strong>adeaminDeilideetoogui·</strong></span> 
     </span>
     <span class='ocr_line' id='line_1_4' title="bbox 111 438 996 509; baseline -0.002 -14"><span class='ocrx_word' id='word_1_11' title='bbox 111 441 182 495; x_wconf 77' lang='lat' dir='ltr'><strong>uului</strong></span> <span class='ocrx_word' id='word_1_12' title='bbox 200 440 541 509; x_wconf 71' lang='lat' dir='ltr'><strong>moellmtiemcuraeet</strong></span> <span class='ocrx_word' id='word_1_13' title='bbox 570 438 996 507; x_wconf 72' lang='lat' dir='ltr'><strong>tionemitetemeteemtelu-</strong></span> 
     </span>
     <span class='ocr_line' id='line_1_5' title="bbox 112 506 997 579; baseline -0.003 -13"><span class='ocrx_word' id='word_1_14' title='bbox 112 508 541 579; x_wconf 62' lang='lat' dir='ltr'><strong>officiiouuainmemoriuhu·</strong></span> <span class='ocrx_word' id='word_1_15' title='bbox 570 508 609 563; x_wconf 85' lang='lat' dir='ltr'><strong>tis</strong></span> <span class='ocrx_word' id='word_1_16' title='bbox 640 508 672 563; x_wconf 87' lang='lat' dir='ltr'><strong>in</strong></span> <span class='ocrx_word' id='word_1_17' title='bbox 703 508 819 563; x_wconf 80' lang='lat' dir='ltr'><strong>Christo</strong></span> <span class='ocrx_word' id='word_1_18' title='bbox 850 506 997 579; x_wconf 71' lang='lat' dir='ltr'><strong>pulsum</strong></span> 
     </span>
     <span class='ocr_line' id='line_1_6' title="bbox 112 576 997 659; baseline -0.003 -24"><span class='ocrx_word' id='word_1_19' title='bbox 112 580 213 635; x_wconf 85' lang='lat' dir='ltr'><strong>beatis.</strong></span> <span class='ocrx_word' id='word_1_20' title='bbox 249 578 541 635; x_wconf 84' lang='lat' dir='ltr'><strong>Dominieuimeritis</strong></span> <span class='ocrx_word' id='word_1_21' title='bbox 570 576 997 659; x_wconf 56' lang='lat' dir='ltr'><strong>memritatemperdumdqquoe</strong></span> 
     </span>
     <span class='ocr_line' id='line_1_7' title="bbox 112 646 997 727; baseline 0.005 -23"><span class='ocrx_word' id='word_1_22' title='bbox 112 649 214 719; x_wconf 79' lang='lat' dir='ltr'><strong>nuntii,</strong></span> <span class='ocrx_word' id='word_1_23' title='bbox 226 649 425 721; x_wconf 74' lang='lat' dir='ltr'>speculatores,</span> <span class='ocrx_word' id='word_1_24' title='bbox 441 657 469 703; x_wconf 87' lang='lat' dir='ltr'><strong>et</strong></span> <span class='ocrx_word' id='word_1_25' title='bbox 484 648 542 703; x_wconf 83' lang='lat' dir='ltr'><strong>dis·</strong></span> <span class='ocrx_word' id='word_1_26' title='bbox 571 662 626 704; x_wconf 88' lang='lat' dir='ltr'><strong>nec</strong></span> <span class='ocrx_word' id='word_1_27' title='bbox 647 646 789 703; x_wconf 80' lang='lat' dir='ltr'><strong>erroribus</strong></span> <span class='ocrx_word' id='word_1_28' title='bbox 807 646 841 709; x_wconf 80' lang='lat' dir='ltr'><strong>ln</strong></span> <span class='ocrx_word' id='word_1_29' title='bbox 861 646 997 727; x_wconf 65' lang='grc' dir='ltr'>ῐᾰίιιωῇ</span> 
     </span>
    </p>

    <p class='ocr_par' dir='ltr' id='par_1_3' title="bbox 112 716 1038 2044">
     <span class='ocr_line' id='line_1_8' title="bbox 148 716 997 789; baseline 0 -16"><span class='ocrx_word' id='word_1_30' title='bbox 148 728 284 773; x_wconf 85' lang='lat' dir='ltr'><strong>nsatores.</strong></span> <span class='ocrx_word' id='word_1_31' title='bbox 303 716 542 774; x_wconf 81' lang='lat' dir='ltr'><strong>Vestrieritlami·</strong></span> <span class='ocrx_word' id='word_1_32' title='bbox 572 734 627 775; x_wconf 84' lang='lat' dir='ltr'><strong>nee</strong></span> <span class='ocrx_word' id='word_1_33' title='bbox 648 718 680 773; x_wconf 86' lang='lat' dir='ltr'><strong>iu</strong></span> <span class='ocrx_word' id='word_1_34' title='bbox 705 718 834 773; x_wconf 84' lang='lat' dir='ltr'><strong>moribus</strong></span> <span class='ocrx_word' id='word_1_35' title='bbox 862 716 997 789; x_wconf 68' lang='lat' dir='ltr'><strong>pruvino,</strong></span> 
     </span>
     <span class='ocr_line' id='line_1_9' title="bbox 123 782 1038 871; baseline 0.002 -30"><span class='ocrx_word' id='word_1_36' title='bbox 123 787 543 871; x_wconf 64' lang='lat' dir='ltr'><strong>iamDomiuidooeremouere,</strong></span> <span class='ocrx_word' id='word_1_37' title='bbox 572 788 661 843; x_wconf 90' lang='lat' dir='ltr'><strong>ullum</strong></span> <span class='ocrx_word' id='word_1_38' title='bbox 683 786 761 859; x_wconf 75' lang='lat' dir='ltr'><strong>opud</strong></span> <span class='ocrx_word' id='word_1_39' title='bbox 782 804 837 843; x_wconf 79' lang='lat' dir='ltr'><strong>vos</strong></span> <span class='ocrx_word' id='word_1_40' title='bbox 864 786 998 859; x_wconf 71' lang='lat' dir='ltr'>relinqunt</span> <span class='ocrx_word' id='word_1_41' title='bbox 1035 782 1038 795; x_wconf 92' lang='lat'>&#39;</span> 
     </span>
     <span class='ocr_line' id='line_1_10' title="bbox 112 858 999 1010; baseline -0.002 -27"><span class='ocrx_word' id='word_1_42' title='bbox 112 858 543 1010; x_wconf 32' lang='lat' dir='ltr'><strong>mismo&amp;</strong></span> <span class='ocrx_word' id='word_1_43' title='bbox 571 858 682 983; x_wconf 52' lang='grc' dir='ltr'><strong>1ωὲῗῆ</strong></span> <span class='ocrx_word' id='word_1_44' title='bbox 703 925 791 999; x_wconf 76' lang='lat' dir='ltr'><strong>igitur</strong></span> <span class='ocrx_word' id='word_1_45' title='bbox 811 926 902 1010; x_wconf 67' lang='lat' dir='ltr'><strong>oum</strong></span> <span class='ocrx_word' id='word_1_46' title='bbox 918 924 999 981; x_wconf 68' lang='lat' dir='ltr'><strong>vem</strong></span> 
     </span>
     <span class='ocr_line' id='line_1_11' title="bbox 112 996 999 1069; baseline 0 -18"><span class='ocrx_word' id='word_1_47' title='bbox 112 996 542 1069; x_wconf 77' lang='lat' dir='ltr'><strong>eJusmmediomundanaepra·</strong></span> <span class='ocrx_word' id='word_1_48' title='bbox 572 1006 654 1053; x_wconf 77' lang='lat' dir='ltr'><strong>tanta</strong></span> <span class='ocrx_word' id='word_1_49' title='bbox 671 996 710 1053; x_wconf 89' lang='lat' dir='ltr'><strong>sit</strong></span> <span class='ocrx_word' id='word_1_50' title='bbox 728 996 906 1067; x_wconf 76' lang='lat' dir='ltr'><strong>excellentie,</strong></span> <span class='ocrx_word' id='word_1_51' title='bbox 923 1004 999 1051; x_wconf 77' lang='lat' dir='ltr'><strong>tauta</strong></span> 
     </span>
     <span class='ocr_line' id='line_1_12' title="bbox 112 1066 998 1139; baseline -0.001 -17"><span class='ocrx_word' id='word_1_52' title='bbox 112 1067 209 1122; x_wconf 85' lang='lat' dir='ltr'><strong>vitatis</strong></span> <span class='ocrx_word' id='word_1_53' title='bbox 220 1067 383 1123; x_wconf 81' lang='lat' dir='ltr'><strong>habitantes</strong></span> <span class='ocrx_word' id='word_1_54' title='bbox 395 1067 543 1138; x_wconf 81' lang='lat' dir='ltr'>requirere,</span> <span class='ocrx_word' id='word_1_55' title='bbox 573 1066 733 1137; x_wconf 73' lang='lat' dir='ltr'><strong>difficultas,</strong></span> <span class='ocrx_word' id='word_1_56' title='bbox 743 1066 849 1121; x_wconf 79' lang='lat' dir='ltr'><strong>videtis</strong></span> <span class='ocrx_word' id='word_1_57' title='bbox 866 1074 998 1139; x_wconf 70' lang='lat' dir='ltr'><strong>quntum</strong></span> 
     </span>
     <span class='ocr_line' id='line_1_13' title="bbox 113 1134 999 1208; baseline 0.001 -18"><span class='ocrx_word' id='word_1_58' title='bbox 113 1147 310 1208; x_wconf 85' lang='lat' dir='ltr'><strong>quatenusper</strong></span> <span class='ocrx_word' id='word_1_59' title='bbox 319 1137 462 1193; x_wconf 88' lang='lat' dir='ltr'><strong>Christum</strong></span> <span class='ocrx_word' id='word_1_60' title='bbox 470 1138 544 1193; x_wconf 78' lang='lat' dir='ltr'><strong>salu·</strong></span> <span class='ocrx_word' id='word_1_61' title='bbox 574 1136 660 1191; x_wconf 85' lang='lat' dir='ltr'><strong>studii</strong></span> <span class='ocrx_word' id='word_1_62' title='bbox 689 1144 719 1193; x_wconf 86' lang='lat' dir='ltr'><strong>et</strong></span> <span class='ocrx_word' id='word_1_63' title='bbox 750 1150 847 1207; x_wconf 64' lang='lat' dir='ltr'><strong>opera</strong></span> <span class='ocrx_word' id='word_1_64' title='bbox 876 1152 897 1191; x_wconf 79' lang='lat' dir='ltr'><strong>u</strong></span> <span class='ocrx_word' id='word_1_65' title='bbox 923 1134 999 1191; x_wconf 78' lang='lat' dir='ltr'><strong>vobit</strong></span> 
     </span>
     <span class='ocr_line' id='line_1_14' title="bbox 113 1206 999 1281; baseline -0.001 -20"><span class='ocrx_word' id='word_1_66' title='bbox 113 1217 173 1262; x_wconf 92' lang='lat' dir='ltr'><strong>tem</strong></span> <span class='ocrx_word' id='word_1_67' title='bbox 184 1216 542 1278; x_wconf 85' lang='lat' dir='ltr'><strong>aetemameonsequantur.</strong></span> <span class='ocrx_word' id='word_1_68' title='bbox 573 1206 767 1261; x_wconf 83' lang='lat' dir='ltr'><strong>adhibendum</strong></span> <span class='ocrx_word' id='word_1_69' title='bbox 811 1206 870 1281; x_wconf 80' lang='lat' dir='ltr'><strong>sit,</strong></span> <span class='ocrx_word' id='word_1_70' title='bbox 901 1214 934 1261; x_wconf 88' lang='lat' dir='ltr'><strong>ut</strong></span> <span class='ocrx_word' id='word_1_71' title='bbox 973 1212 999 1259; x_wconf 85' lang='lat' dir='ltr'><strong>et</strong></span> 
     </span>
     <span class='ocr_line' id='line_1_15' title="bbox 116 1275 1038 1360; baseline -0.001 -28"><span class='ocrx_word' id='word_1_72' title='bbox 116 1277 545 1359; x_wconf 36' lang='lat' dir='ltr'><strong>&#39;Sitergosempermemoriae</strong></span> <span class='ocrx_word' id='word_1_73' title='bbox 575 1275 778 1360; x_wconf 42' lang='lat' dir='ltr'><strong>Domiuooui·</strong></span> <span class='ocrx_word' id='word_1_74' title='bbox 801 1292 856 1333; x_wconf 80' lang='lat' dir='ltr'><strong>voe</strong></span> <span class='ocrx_word' id='word_1_75' title='bbox 885 1276 917 1331; x_wconf 82' lang='lat' dir='ltr'><strong>in</strong></span> <span class='ocrx_word' id='word_1_76' title='bbox 944 1282 999 1331; x_wconf 72' lang='lat' dir='ltr'><strong>lum</strong></span> <span class='ocrx_word' id='word_1_77' title='bbox 1036 1342 1038 1355; x_wconf 40' lang='grc' dir='ltr'>Ι</span> 
     </span>
     <span class='ocr_line' id='line_1_16' title="bbox 114 1344 999 1485; baseline -0.003 -14"><span class='ocrx_word' id='word_1_78' title='bbox 114 1356 544 1472; x_wconf 55' lang='lat' dir='ltr'><strong>ttttmtttttffit</strong></span> <span class='ocrx_word' id='word_1_79' title='bbox 573 1346 679 1485; x_wconf 53' lang='lat' dir='ltr'><strong>lii?</strong></span> <span class='ocrx_word' id='word_1_80' title='bbox 696 1344 999 1485; x_wconf 54' lang='lat' dir='ltr'><strong>mtffliioeffli&#39;i</strong></span> 
     </span>
     <span class='ocr_line' id='line_1_17' title="bbox 115 1486 998 1555; baseline -0.001 -15"><span class='ocrx_word' id='word_1_81' title='bbox 115 1503 171 1540; x_wconf 88' lang='lat' dir='ltr'><strong>sus.</strong></span> <span class='ocrx_word' id='word_1_82' title='bbox 192 1488 422 1541; x_wconf 87' lang='lat' dir='ltr'><strong>Suntenimoves</strong></span> <span class='ocrx_word' id='word_1_83' title='bbox 430 1486 544 1554; x_wconf 83' lang='lat' dir='ltr'><strong>Christi,</strong></span> <span class='ocrx_word' id='word_1_84' title='bbox 573 1486 737 1555; x_wconf 76' lang='lat' dir='ltr'><strong>exhibeatis,</strong></span> <span class='ocrx_word' id='word_1_85' title='bbox 766 1494 796 1541; x_wconf 80' lang='lat' dir='ltr'><strong>et</strong></span> <span class='ocrx_word' id='word_1_86' title='bbox 819 1486 947 1541; x_wconf 74' lang='lat' dir='ltr'><strong>camus</strong></span> <span class='ocrx_word' id='word_1_87' title='bbox 965 1498 998 1539; x_wconf 85' lang='lat' dir='ltr'><strong>ue</strong></span> 
     </span>
     <span class='ocr_line' id='line_1_18' title="bbox 115 1556 998 1627; baseline 0.001 -17"><span class='ocrx_word' id='word_1_88' title='bbox 115 1573 186 1626; x_wconf 89' lang='lat' dir='ltr'><strong>quas</strong></span> <span class='ocrx_word' id='word_1_89' title='bbox 204 1566 295 1611; x_wconf 87' lang='lat' dir='ltr'><strong>morte</strong></span> <span class='ocrx_word' id='word_1_90' title='bbox 314 1573 366 1612; x_wconf 87' lang='lat' dir='ltr'><strong>sua</strong></span> <span class='ocrx_word' id='word_1_91' title='bbox 385 1557 543 1627; x_wconf 84' lang='lat' dir='ltr'><strong>acquisivit,</strong></span> <span class='ocrx_word' id='word_1_92' title='bbox 573 1556 621 1611; x_wconf 89' lang='lat' dir='ltr'><strong>ille</strong></span> <span class='ocrx_word' id='word_1_93' title='bbox 637 1572 687 1627; x_wconf 82' lang='lat' dir='ltr'><strong>per</strong></span> <span class='ocrx_word' id='word_1_94' title='bbox 697 1570 757 1624; x_wconf 83' lang='lat' dir='ltr'><strong>vos,</strong></span> <span class='ocrx_word' id='word_1_95' title='bbox 772 1572 828 1611; x_wconf 84' lang='lat' dir='ltr'><strong>nec</strong></span> <span class='ocrx_word' id='word_1_96' title='bbox 838 1556 924 1611; x_wconf 81' lang='lat' dir='ltr'><strong>vobis</strong></span> <span class='ocrx_word' id='word_1_97' title='bbox 939 1568 998 1611; x_wconf 81' lang='lat' dir='ltr'><strong>tuo·</strong></span> 
     </span>
     <span class='ocr_line' id='line_1_19' title="bbox 115 1622 997 1696; baseline -0.003 -16"><span class='ocrx_word' id='word_1_98' title='bbox 115 1636 143 1680; x_wconf 90' lang='lat' dir='ltr'><strong>et</strong></span> <span class='ocrx_word' id='word_1_99' title='bbox 166 1643 217 1696; x_wconf 90' lang='lat' dir='ltr'><strong>pro</strong></span> <span class='ocrx_word' id='word_1_100' title='bbox 248 1626 350 1696; x_wconf 89' lang='lat' dir='ltr'><strong>quibus</strong></span> <span class='ocrx_word' id='word_1_101' title='bbox 378 1627 543 1695; x_wconf 85' lang='lat' dir='ltr'><strong>sanguinem</strong></span> <span class='ocrx_word' id='word_1_102' title='bbox 574 1627 681 1681; x_wconf 76' lang='lat' dir='ltr'><strong>toribus</strong></span> <span class='ocrx_word' id='word_1_103' title='bbox 690 1642 741 1696; x_wconf 89' lang='lat' dir='ltr'><strong>per</strong></span> <span class='ocrx_word' id='word_1_104' title='bbox 749 1622 830 1694; x_wconf 89' lang='lat' dir='ltr'><strong>alios,</strong></span> <span class='ocrx_word' id='word_1_105' title='bbox 838 1624 997 1680; x_wconf 74' lang='lat' dir='ltr'><strong>offendetur.</strong></span> 
     </span>
     <span class='ocr_line' id='line_1_20' title="bbox 117 1694 998 1751; baseline -0.001 -3"><span class='ocrx_word' id='word_1_106' title='bbox 117 1713 199 1750; x_wconf 89' lang='lat' dir='ltr'><strong>suum</strong></span> <span class='ocrx_word' id='word_1_107' title='bbox 219 1696 323 1750; x_wconf 88' lang='lat' dir='ltr'><strong>effudit.</strong></span> <span class='ocrx_word' id='word_1_108' title='bbox 362 1697 492 1750; x_wconf 84' lang='lat' dir='ltr'><strong>Ecclesia</strong></span> <span class='ocrx_word' id='word_1_109' title='bbox 515 1706 543 1751; x_wconf 90' lang='lat' dir='ltr'><strong>et</strong></span> <span class='ocrx_word' id='word_1_110' title='bbox 575 1694 946 1751; x_wconf 86' lang='lat' dir='ltr'><strong>Cumtamenexvobismeti</strong></span> <span class='ocrx_word' id='word_1_111' title='bbox 977 1694 998 1747; x_wconf 91' lang='lat' dir='ltr'><strong>is</strong></span> 
     </span>
     <span class='ocr_line' id='line_1_21' title="bbox 115 1765 999 1836; baseline -0.002 -16"><span class='ocrx_word' id='word_1_112' title='bbox 115 1767 295 1835; x_wconf 84' lang='lat' dir='ltr'><strong>congregatio</strong></span> <span class='ocrx_word' id='word_1_113' title='bbox 334 1767 380 1820; x_wconf 91' lang='lat' dir='ltr'><strong>cui</strong></span> <span class='ocrx_word' id='word_1_114' title='bbox 416 1767 543 1820; x_wconf 88' lang='lat' dir='ltr'><strong>servituri</strong></span> <span class='ocrx_word' id='word_1_115' title='bbox 573 1765 999 1836; x_wconf 87' lang='lat' dir='ltr'><strong>idpropositumeamquevoun·</strong></span> 
     </span>
     <span class='ocr_line' id='line_1_22' title="bbox 116 1834 997 1905; baseline 0 -16"><span class='ocrx_word' id='word_1_116' title='bbox 116 1837 183 1890; x_wconf 89' lang='lat' dir='ltr'><strong>estis</strong></span> <span class='ocrx_word' id='word_1_117' title='bbox 196 1853 301 1904; x_wconf 88' lang='lat' dir='ltr'><strong>sponsa</strong></span> <span class='ocrx_word' id='word_1_118' title='bbox 313 1836 372 1905; x_wconf 90' lang='lat' dir='ltr'><strong>ejus</strong></span> <span class='ocrx_word' id='word_1_119' title='bbox 389 1847 432 1889; x_wconf 92' lang='lat' dir='ltr'><strong>est</strong></span> <span class='ocrx_word' id='word_1_120' title='bbox 443 1847 471 1890; x_wconf 93' lang='lat' dir='ltr'><strong>et</strong></span> <span class='ocrx_word' id='word_1_121' title='bbox 483 1853 543 1890; x_wconf 93' lang='lat' dir='ltr'><strong>cor·</strong></span> <span class='ocrx_word' id='word_1_122' title='bbox 573 1845 661 1890; x_wconf 90' lang='lat' dir='ltr'><strong>tatem</strong></span> <span class='ocrx_word' id='word_1_123' title='bbox 683 1836 787 1890; x_wconf 90' lang='lat' dir='ltr'><strong>habere</strong></span> <span class='ocrx_word' id='word_1_124' title='bbox 811 1851 872 1889; x_wconf 91' lang='lat' dir='ltr'><strong>non</strong></span> <span class='ocrx_word' id='word_1_125' title='bbox 895 1834 997 1899; x_wconf 67' lang='lat' dir='ltr'><strong>valetis</strong></span> 
     </span>
     <span class='ocr_line' id='line_1_23' title="bbox 115 1904 998 1975; baseline -0.002 -16"><span class='ocrx_word' id='word_1_126' title='bbox 115 1923 175 1975; x_wconf 91' lang='lat' dir='ltr'><strong>pus.</strong></span> <span class='ocrx_word' id='word_1_127' title='bbox 213 1908 251 1960; x_wconf 84' lang='lat' dir='ltr'><strong>Et</strong></span> <span class='ocrx_word' id='word_1_128' title='bbox 272 1907 296 1959; x_wconf 92' lang='lat' dir='ltr'><strong>si</strong></span> <span class='ocrx_word' id='word_1_129' title='bbox 318 1907 431 1975; x_wconf 91' lang='lat' dir='ltr'><strong>quando</strong></span> <span class='ocrx_word' id='word_1_130' title='bbox 453 1906 543 1960; x_wconf 87' lang='lat' dir='ltr'><strong>eidem</strong></span> <span class='ocrx_word' id='word_1_131' title='bbox 576 1905 604 1974; x_wconf 91' lang='lat' dir='ltr'><strong>(a</strong></span> <span class='ocrx_word' id='word_1_132' title='bbox 624 1907 686 1959; x_wconf 93' lang='lat' dir='ltr'><strong>Deo</strong></span> <span class='ocrx_word' id='word_1_133' title='bbox 708 1906 784 1960; x_wconf 89' lang='lat' dir='ltr'><strong>enim</strong></span> <span class='ocrx_word' id='word_1_134' title='bbox 804 1905 866 1960; x_wconf 90' lang='lat' dir='ltr'><strong>solo</strong></span> <span class='ocrx_word' id='word_1_135' title='bbox 887 1905 918 1959; x_wconf 92' lang='lat' dir='ltr'><strong>id</strong></span> <span class='ocrx_word' id='word_1_136' title='bbox 933 1904 998 1958; x_wconf 83' lang='lat' dir='ltr'><strong>velle</strong></span> 
     </span>
     <span class='ocr_line' id='line_1_24' title="bbox 116 1974 999 2044; baseline 0 -16"><span class='ocrx_word' id='word_1_137' title='bbox 116 1975 261 2043; x_wconf 76' lang='lat' dir='ltr'><strong>Ecclesiae,</strong></span> <span class='ocrx_word' id='word_1_138' title='bbox 269 1985 317 2030; x_wconf 89' lang='lat' dir='ltr'><strong>aut</strong></span> <span class='ocrx_word' id='word_1_139' title='bbox 329 1977 375 2030; x_wconf 91' lang='lat' dir='ltr'><strong>cui</strong></span> <span class='ocrx_word' id='word_1_140' title='bbox 387 1976 447 2044; x_wconf 87' lang='lat' dir='ltr'><strong>ejus</strong></span> <span class='ocrx_word' id='word_1_141' title='bbox 456 1992 543 2029; x_wconf 91' lang='lat' dir='ltr'><strong>mem·</strong></span> <span class='ocrx_word' id='word_1_142' title='bbox 576 1985 603 2030; x_wconf 91' lang='lat' dir='ltr'><strong>et</strong></span> <span class='ocrx_word' id='word_1_143' title='bbox 636 1992 719 2044; x_wconf 90' lang='lat' dir='ltr'><strong>posse</strong></span> <span class='ocrx_word' id='word_1_144' title='bbox 751 1974 854 2044; x_wconf 90' lang='lat' dir='ltr'><strong>datur,)</strong></span> <span class='ocrx_word' id='word_1_145' title='bbox 887 1974 999 2039; x_wconf 84' lang='lat' dir='ltr'><strong>debetis,</strong></span> 
     </span>
    </p>
   </div>
   <div class='ocr_carea' id='block_1_2' title="bbox 115 2044 999 2169">
    <p class='ocr_par' dir='ltr' id='par_1_4' title="bbox 115 2044 999 2169">
     <span class='ocr_line' id='line_1_25' title="bbox 115 2044 999 2169; baseline 0 -71"><span class='ocrx_word' id='word_1_146' title='bbox 115 2046 175 2111; x_wconf 89' lang='lat' dir='ltr'><strong>bro,</strong></span> <span class='ocrx_word' id='word_1_147' title='bbox 192 2045 289 2099; x_wconf 90' lang='lat' dir='ltr'><strong>damni</strong></span> <span class='ocrx_word' id='word_1_148' title='bbox 309 2046 413 2115; x_wconf 89' lang='lat' dir='ltr'><strong>aliquid</strong></span> <span class='ocrx_word' id='word_1_149' title='bbox 433 2055 482 2100; x_wconf 90' lang='lat' dir='ltr'><strong>aut</strong></span> <span class='ocrx_word' id='word_1_150' title='bbox 493 2046 544 2099; x_wconf 90' lang='lat' dir='ltr'><strong>im·</strong></span> <span class='ocrx_word' id='word_1_151' title='bbox 575 2045 651 2116; x_wconf 91' lang='lat' dir='ltr'><strong>quod</strong></span> <span class='ocrx_word' id='word_1_152' title='bbox 686 2055 714 2100; x_wconf 92' lang='lat' dir='ltr'><strong>et</strong></span> <span class='ocrx_word' id='word_1_153' title='bbox 749 2045 813 2169; x_wconf 41' lang='lat' dir='ltr'><strong>ipsa</strong></span> <span class='ocrx_word' id='word_1_154' title='bbox 849 2044 999 2100; x_wconf 85' lang='lat' dir='ltr'><strong>necessitas</strong></span> 
     </span>
    </p>
   </div>
   <div class='ocr_carea' id='block_1_3' title="bbox 115 2113 1005 3147">
    <p class='ocr_par' dir='ltr' id='par_1_5' title="bbox 115 2113 1005 3147">
     <span class='ocr_line' id='line_1_26' title="bbox 116 2113 999 2197; baseline -0.001 -29"><span class='ocrx_word' id='word_1_155' title='bbox 116 2115 443 2184; x_wconf 84' lang='lat' dir='ltr'><strong>pedimentinegligentia</strong></span> <span class='ocrx_word' id='word_1_156' title='bbox 451 2124 545 2169; x_wconf 85' lang='lat' dir='ltr'><strong>vestra</strong></span> <span class='ocrx_word' id='word_1_157' title='bbox 574 2115 699 2197; x_wconf 85' lang='lat' dir='ltr'><strong>requirit,</strong></span> <span class='ocrx_word' id='word_1_158' title='bbox 776 2123 895 2168; x_wconf 85' lang='lat' dir='ltr'><strong>anctum</strong></span> <span class='ocrx_word' id='word_1_159' title='bbox 949 2113 999 2168; x_wconf 87' lang='lat' dir='ltr'><strong>Dei</strong></span> 
     </span>
     <span class='ocr_line' id='line_1_27' title="bbox 116 2184 1000 2255; baseline -0.001 -16"><span class='ocrx_word' id='word_1_160' title='bbox 116 2185 246 2252; x_wconf 89' lang='lat' dir='ltr'><strong>attulerit,</strong></span> <span class='ocrx_word' id='word_1_161' title='bbox 278 2185 372 2238; x_wconf 87' lang='lat' dir='ltr'><strong>delicti</strong></span> <span class='ocrx_word' id='word_1_162' title='bbox 407 2185 544 2254; x_wconf 89' lang='lat' dir='ltr'><strong>ejusmodi</strong></span> <span class='ocrx_word' id='word_1_163' title='bbox 576 2186 711 2254; x_wconf 78' lang='lat' dir='ltr'><strong>Spiritum</strong></span> <span class='ocrx_word' id='word_1_164' title='bbox 732 2184 888 2238; x_wconf 85' lang='lat' dir='ltr'><strong>studiosius</strong></span> <span class='ocrx_word' id='word_1_165' title='bbox 909 2194 1000 2255; x_wconf 90' lang='lat' dir='ltr'><strong>postu·</strong></span> 
     </span>
     <span class='ocr_line' id='line_1_28' title="bbox 115 2255 1001 2322; baseline 0 -15"><span class='ocrx_word' id='word_1_166' title='bbox 115 2255 282 2322; x_wconf 86' lang='lat' dir='ltr'><strong>gravitatem</strong></span> <span class='ocrx_word' id='word_1_167' title='bbox 307 2255 376 2308; x_wconf 86' lang='lat' dir='ltr'><strong>satis</strong></span> <span class='ocrx_word' id='word_1_168' title='bbox 396 2256 495 2322; x_wconf 89' lang='lat' dir='ltr'><strong>nostis,</strong></span> <span class='ocrx_word' id='word_1_169' title='bbox 516 2264 544 2308; x_wconf 91' lang='lat' dir='ltr'><strong>et</strong></span> <span class='ocrx_word' id='word_1_170' title='bbox 574 2255 639 2309; x_wconf 88' lang='lat' dir='ltr'><strong>lare.</strong></span> <span class='ocrx_word' id='word_1_171' title='bbox 686 2255 833 2322; x_wconf 85' lang='lat' dir='ltr'><strong>Praeterea,</strong></span> <span class='ocrx_word' id='word_1_172' title='bbox 857 2270 925 2309; x_wconf 88' lang='lat' dir='ltr'><strong>cum</strong></span> <span class='ocrx_word' id='word_1_173' title='bbox 948 2270 1001 2309; x_wconf 88' lang='lat' dir='ltr'><strong>non</strong></span> 
     </span>
     <span class='ocr_line' id='line_1_29' title="bbox 115 2325 1000 2404; baseline 0.001 -26"><span class='ocrx_word' id='word_1_174' title='bbox 115 2342 230 2394; x_wconf 88' lang='lat' dir='ltr'><strong>poenam</strong></span> <span class='ocrx_word' id='word_1_175' title='bbox 250 2341 315 2404; x_wconf 88' lang='lat' dir='ltr'><strong>quae</strong></span> <span class='ocrx_word' id='word_1_176' title='bbox 335 2325 364 2378; x_wconf 96' lang='lat' dir='ltr'><strong>id</strong></span> <span class='ocrx_word' id='word_1_177' title='bbox 385 2325 546 2380; x_wconf 91' lang='lat' dir='ltr'><strong>insecutura</strong></span> <span class='ocrx_word' id='word_1_178' title='bbox 575 2325 631 2378; x_wconf 87' lang='lat' dir='ltr'><strong>alia</strong></span> <span class='ocrx_word' id='word_1_179' title='bbox 653 2325 763 2378; x_wconf 90' lang='lat' dir='ltr'><strong>ratione</strong></span> <span class='ocrx_word' id='word_1_180' title='bbox 786 2333 900 2378; x_wconf 88' lang='lat' dir='ltr'><strong>tantum</strong></span> <span class='ocrx_word' id='word_1_181' title='bbox 924 2340 1000 2395; x_wconf 88' lang='lat' dir='ltr'><strong>opus,</strong></span> 
     </span>
     <span class='ocr_line' id='line_1_30' title="bbox 116 2394 1002 2464; baseline 0.001 -16"><span class='ocrx_word' id='word_1_182' title='bbox 116 2394 330 2449; x_wconf 82' lang='lat' dir='ltr'><strong>esthorribrlem.</strong></span> <span class='ocrx_word' id='word_1_183' title='bbox 354 2395 544 2462; x_wconf 85' lang='lat' dir='ltr'><strong>Quamobrem</strong></span> <span class='ocrx_word' id='word_1_184' title='bbox 575 2395 613 2449; x_wconf 91' lang='lat' dir='ltr'><strong>ad</strong></span> <span class='ocrx_word' id='word_1_185' title='bbox 632 2394 780 2448; x_wconf 91' lang='lat' dir='ltr'><strong>hominum</strong></span> <span class='ocrx_word' id='word_1_186' title='bbox 802 2395 926 2449; x_wconf 88' lang='lat' dir='ltr'><strong>salutem</strong></span> <span class='ocrx_word' id='word_1_187' title='bbox 945 2410 1002 2464; x_wconf 90' lang='lat' dir='ltr'><strong>per·</strong></span> 
     </span>
     <span class='ocr_line' id='line_1_31' title="bbox 115 2462 1001 2534; baseline 0.003 -18"><span class='ocrx_word' id='word_1_188' title='bbox 115 2465 196 2518; x_wconf 91' lang='lat' dir='ltr'><strong>vobis</strong></span> <span class='ocrx_word' id='word_1_189' title='bbox 224 2465 461 2518; x_wconf 89' lang='lat' dir='ltr'><strong>considerandum</strong></span> <span class='ocrx_word' id='word_1_190' title='bbox 492 2474 544 2532; x_wconf 91' lang='lat' dir='ltr'><strong>est,</strong></span> <span class='ocrx_word' id='word_1_191' title='bbox 574 2465 676 2532; x_wconf 88' lang='lat' dir='ltr'><strong>tineus,</strong></span> <span class='ocrx_word' id='word_1_192' title='bbox 705 2462 840 2534; x_wconf 87' lang='lat' dir='ltr'><strong>perficere</strong></span> <span class='ocrx_word' id='word_1_193' title='bbox 875 2465 1001 2529; x_wconf 85' lang='lat' dir='ltr'><strong>valeatis,</strong></span> 
     </span>
     <span class='ocr_line' id='line_1_32' title="bbox 116 2534 1002 2604; baseline 0.001 -16"><span class='ocrx_word' id='word_1_194' title='bbox 116 2535 183 2603; x_wconf 90' lang='lat' dir='ltr'><strong>quid</strong></span> <span class='ocrx_word' id='word_1_195' title='bbox 213 2543 320 2604; x_wconf 86' lang='lat' dir='ltr'><strong>spectet</strong></span> <span class='ocrx_word' id='word_1_196' title='bbox 359 2535 544 2589; x_wconf 89' lang='lat' dir='ltr'><strong>ministerium</strong></span> <span class='ocrx_word' id='word_1_197' title='bbox 574 2534 1002 2589; x_wconf 70' lang='lat' dir='ltr'><strong>nisidoctrinaethortatiomous</strong></span> 
     </span>
     <span class='ocr_line' id='line_1_33' title="bbox 115 2603 1003 2674; baseline 0.001 -16"><span class='ocrx_word' id='word_1_198' title='bbox 115 2614 239 2658; x_wconf 90' lang='lat' dir='ltr'><strong>vestrum</strong></span> <span class='ocrx_word' id='word_1_199' title='bbox 262 2604 356 2674; x_wconf 89' lang='lat' dir='ltr'><strong>quoad</strong></span> <span class='ocrx_word' id='word_1_200' title='bbox 384 2604 456 2658; x_wconf 88' lang='lat' dir='ltr'><strong>filios</strong></span> <span class='ocrx_word' id='word_1_201' title='bbox 482 2605 544 2671; x_wconf 91' lang='lat' dir='ltr'><strong>Dei,</strong></span> <span class='ocrx_word' id='word_1_202' title='bbox 575 2621 608 2658; x_wconf 89' lang='lat' dir='ltr'><strong>ex</strong></span> <span class='ocrx_word' id='word_1_203' title='bbox 622 2605 709 2659; x_wconf 88' lang='lat' dir='ltr'><strong>Sacra</strong></span> <span class='ocrx_word' id='word_1_204' title='bbox 721 2604 866 2674; x_wconf 86' lang='lat' dir='ltr'><strong>Scriptura</strong></span> <span class='ocrx_word' id='word_1_205' title='bbox 874 2603 1003 2674; x_wconf 80' lang='lat' dir='ltr'><strong>desump</strong></span> 
     </span>
     <span class='ocr_line' id='line_1_34' title="bbox 115 2673 1003 2744; baseline 0 -17"><span class='ocrx_word' id='word_1_206' title='bbox 115 2683 143 2728; x_wconf 89' lang='lat' dir='ltr'><strong>et</strong></span> <span class='ocrx_word' id='word_1_207' title='bbox 175 2690 309 2743; x_wconf 89' lang='lat' dir='ltr'><strong>sponsam</strong></span> <span class='ocrx_word' id='word_1_208' title='bbox 332 2683 416 2744; x_wconf 90' lang='lat' dir='ltr'><strong>atque</strong></span> <span class='ocrx_word' id='word_1_209' title='bbox 443 2690 544 2743; x_wconf 87' lang='lat' dir='ltr'><strong>corpus</strong></span> <span class='ocrx_word' id='word_1_210' title='bbox 574 2675 619 2742; x_wconf 90' lang='lat' dir='ltr'><strong>tis,</strong></span> <span class='ocrx_word' id='word_1_211' title='bbox 638 2683 665 2729; x_wconf 93' lang='lat' dir='ltr'><strong>et</strong></span> <span class='ocrx_word' id='word_1_212' title='bbox 682 2675 791 2728; x_wconf 88' lang='lat' dir='ltr'><strong>ratione</strong></span> <span class='ocrx_word' id='word_1_213' title='bbox 808 2689 874 2744; x_wconf 82' lang='lat' dir='ltr'><strong>quae</strong></span> <span class='ocrx_word' id='word_1_214' title='bbox 884 2673 922 2728; x_wconf 91' lang='lat' dir='ltr'><strong>iis</strong></span> <span class='ocrx_word' id='word_1_215' title='bbox 939 2690 1003 2728; x_wconf 89' lang='lat' dir='ltr'><strong>con·</strong></span> 
     </span>
     <span class='ocr_line' id='line_1_35' title="bbox 118 2743 1004 2813; baseline -0.001 -14"><span class='ocrx_word' id='word_1_216' title='bbox 118 2744 229 2799; x_wconf 87' lang='lat' dir='ltr'><strong>Christi.</strong></span> <span class='ocrx_word' id='word_1_217' title='bbox 272 2745 364 2797; x_wconf 91' lang='lat' dir='ltr'><strong>Immo</strong></span> <span class='ocrx_word' id='word_1_218' title='bbox 388 2744 482 2798; x_wconf 89' lang='lat' dir='ltr'><strong>videte</strong></span> <span class='ocrx_word' id='word_1_219' title='bbox 506 2761 543 2798; x_wconf 91' lang='lat' dir='ltr'><strong>ne</strong></span> <span class='ocrx_word' id='word_1_220' title='bbox 574 2753 656 2813; x_wconf 85' lang='lat' dir='ltr'><strong>gruat</strong></span> <span class='ocrx_word' id='word_1_221' title='bbox 674 2743 787 2798; x_wconf 84' lang='lat' dir='ltr'><strong>vivendi</strong></span> <span class='ocrx_word' id='word_1_222' title='bbox 799 2762 807 2809; x_wconf 92' lang='lat'>;</span> <span class='ocrx_word' id='word_1_223' title='bbox 826 2744 1004 2799; x_wconf 85' lang='lat' dir='ltr'><strong>considerate</strong></span> 
     </span>
     <span class='ocr_line' id='line_1_36' title="bbox 116 2813 1005 2884; baseline 0.001 -17"><span class='ocrx_word' id='word_1_224' title='bbox 116 2814 183 2882; x_wconf 94' lang='lat' dir='ltr'><strong>quid</strong></span> <span class='ocrx_word' id='word_1_225' title='bbox 200 2814 316 2881; x_wconf 90' lang='lat' dir='ltr'><strong>laboris,</strong></span> <span class='ocrx_word' id='word_1_226' title='bbox 336 2830 419 2881; x_wconf 87' lang='lat' dir='ltr'><strong>curae,</strong></span> <span class='ocrx_word' id='word_1_227' title='bbox 436 2823 464 2868; x_wconf 93' lang='lat' dir='ltr'><strong>et</strong></span> <span class='ocrx_word' id='word_1_228' title='bbox 482 2814 543 2867; x_wconf 92' lang='lat' dir='ltr'><strong>dili·</strong></span> <span class='ocrx_word' id='word_1_229' title='bbox 574 2815 728 2882; x_wconf 89' lang='lat' dir='ltr'><strong>vobiscum,</strong></span> <span class='ocrx_word' id='word_1_230' title='bbox 766 2829 833 2868; x_wconf 88' lang='lat' dir='ltr'><strong>uam</strong></span> <span class='ocrx_word' id='word_1_231' title='bbox 857 2813 1005 2884; x_wconf 86' lang='lat' dir='ltr'><strong>diligenter</strong></span> 
     </span>
     <span class='ocr_line' id='line_1_37' title="bbox 115 2883 1004 2952; baseline 0.002 -16"><span class='ocrx_word' id='word_1_232' title='bbox 115 2885 217 2951; x_wconf 88' lang='lat' dir='ltr'><strong>gentiae</strong></span> <span class='ocrx_word' id='word_1_233' title='bbox 229 2884 375 2952; x_wconf 87' lang='lat' dir='ltr'><strong>omittatis,</strong></span> <span class='ocrx_word' id='word_1_234' title='bbox 383 2886 473 2939; x_wconf 87' lang='lat' dir='ltr'><strong>donec</strong></span> <span class='ocrx_word' id='word_1_235' title='bbox 486 2901 544 2938; x_wconf 89' lang='lat' dir='ltr'><strong>om·</strong></span> <span class='ocrx_word' id='word_1_236' title='bbox 574 2884 654 2938; x_wconf 92' lang='lat' dir='ltr'><strong>vobis</strong></span> <span class='ocrx_word' id='word_1_237' title='bbox 672 2884 752 2952; x_wconf 88' lang='lat' dir='ltr'><strong>legen</strong></span> <span class='ocrx_word' id='word_1_238' title='bbox 816 2883 915 2938; x_wconf 90' lang='lat' dir='ltr'><strong>sintet</strong></span> <span class='ocrx_word' id='word_1_239' title='bbox 933 2885 1004 2939; x_wconf 91' lang='lat' dir='ltr'><strong>edis·</strong></span> 
     </span>
     <span class='ocr_line' id='line_1_38' title="bbox 115 2953 1004 3025; baseline 0.003 -20"><span class='ocrx_word' id='word_1_240' title='bbox 115 2969 181 3006; x_wconf 91' lang='lat' dir='ltr'><strong>nem</strong></span> <span class='ocrx_word' id='word_1_241' title='bbox 211 2969 327 3022; x_wconf 89' lang='lat' dir='ltr'><strong>operam</strong></span> <span class='ocrx_word' id='word_1_242' title='bbox 357 2970 409 3025; x_wconf 90' lang='lat' dir='ltr'><strong>pro</strong></span> <span class='ocrx_word' id='word_1_243' title='bbox 429 2955 544 3023; x_wconf 88' lang='lat' dir='ltr'><strong>viribus,</strong></span> <span class='ocrx_word' id='word_1_244' title='bbox 575 2953 673 3008; x_wconf 86' lang='lat' dir='ltr'><strong>cendae</strong></span> <span class='ocrx_word' id='word_1_245' title='bbox 692 2954 852 3023; x_wconf 88' lang='lat' dir='ltr'><strong>Scripturae,</strong></span> <span class='ocrx_word' id='word_1_246' title='bbox 865 2962 894 3008; x_wconf 90' lang='lat' dir='ltr'><strong>et</strong></span> <span class='ocrx_word' id='word_1_247' title='bbox 911 2970 1004 3008; x_wconf 83' lang='lat' dir='ltr'><strong>mores</strong></span> 
     </span>
     <span class='ocr_line' id='line_1_39' title="bbox 116 3023 1001 3147; baseline 0.003 -72"><span class='ocrx_word' id='word_1_248' title='bbox 116 3024 188 3076; x_wconf 91' lang='lat' dir='ltr'><strong>sicut</strong></span> <span class='ocrx_word' id='word_1_249' title='bbox 199 3040 251 3077; x_wconf 88' lang='lat' dir='ltr'><strong>vos</strong></span> <span class='ocrx_word' id='word_1_250' title='bbox 268 3033 385 3092; x_wconf 92' lang='lat' dir='ltr'><strong>oportet,</strong></span> <span class='ocrx_word' id='word_1_251' title='bbox 400 3024 543 3092; x_wconf 88' lang='lat' dir='ltr'><strong>dederitis,</strong></span> <span class='ocrx_word' id='word_1_252' title='bbox 574 3033 633 3077; x_wconf 92' lang='lat' dir='ltr'><strong>tam</strong></span> <span class='ocrx_word' id='word_1_253' title='bbox 656 3023 741 3078; x_wconf 89' lang='lat' dir='ltr'><strong>vestri</strong></span> <span class='ocrx_word' id='word_1_254' title='bbox 766 3023 892 3147; x_wconf 58' lang='lat' dir='ltr'><strong>igsorum</strong></span> <span class='ocrx_word' id='word_1_255' title='bbox 916 3039 1001 3106; x_wconf 82' lang='lat' dir='ltr'><strong>quam</strong></span> 
     </span>
    </p>
   </div>
   <div class='ocr_carea' id='block_1_4' title="bbox 115 3093 1001 3228">
    <p class='ocr_par' dir='ltr' id='par_1_6' title="bbox 115 3093 1001 3228">
     <span class='ocr_line' id='line_1_40' title="bbox 115 3093 1001 3164; baseline 0.005 -20"><span class='ocrx_word' id='word_1_256' title='bbox 115 3109 171 3160; x_wconf 94' lang='lat' dir='ltr'><strong>quo</strong></span> <span class='ocrx_word' id='word_1_257' title='bbox 184 3108 282 3147; x_wconf 90' lang='lat' dir='ltr'><strong>omnes</strong></span> <span class='ocrx_word' id='word_1_258' title='bbox 295 3093 342 3163; x_wconf 90' lang='lat' dir='ltr'><strong>qui</strong></span> <span class='ocrx_word' id='word_1_259' title='bbox 356 3111 431 3149; x_wconf 87' lang='lat' dir='ltr'><strong>curae</strong></span> <span class='ocrx_word' id='word_1_260' title='bbox 443 3103 543 3149; x_wconf 85' lang='lat' dir='ltr'><strong>vestrae</strong></span> <span class='ocrx_word' id='word_1_261' title='bbox 574 3109 671 3148; x_wconf 90' lang='lat' dir='ltr'><strong>eorum</strong></span> <span class='ocrx_word' id='word_1_262' title='bbox 688 3093 736 3163; x_wconf 91' lang='lat' dir='ltr'><strong>qui</strong></span> <span class='ocrx_word' id='word_1_263' title='bbox 754 3109 771 3146; x_wconf 88' lang='lat' dir='ltr'><strong>a</strong></span> <span class='ocrx_word' id='word_1_264' title='bbox 806 3108 858 3147; x_wconf 87' lang='lat' dir='ltr'><strong>vos</strong></span> <span class='ocrx_word' id='word_1_265' title='bbox 876 3110 1001 3164; x_wconf 79' lang='lat' dir='ltr'><strong>promme</strong></span> 
     </span>
     <span class='ocr_line' id='line_1_41' title="bbox 176 3175 225 3228; baseline -0.02 0"><span class='ocrx_word' id='word_1_266' title='bbox 176 3175 225 3228; x_wconf 83' lang='lat'><strong>342</strong></span> 
     </span>
    </p>
   </div>
   <div class='ocr_carea' id='block_1_5' title="bbox 0 0 1059 3450">
    <p class='ocr_par' dir='ltr' id='par_1_7' title="bbox 0 0 1059 3450">
     <span class='ocr_line' id='line_1_42' title="bbox 0 0 1059 3450; baseline 0 0"><span class='ocrx_word' id='word_1_267' title='bbox 0 0 1059 3450; x_wconf 95' lang='lat' dir='ltr'><strong> </strong></span> 
     </span>
    </p>
   </div>
  </div>
 </body>
</html>
