<?xml version="1.0" encoding="UTF-8"?>
<!DOCTYPE html PUBLIC "-//W3C//DTD XHTML 1.0 Transitional//EN"
    "http://www.w3.org/TR/xhtml1/DTD/xhtml1-transitional.dtd">
<html xmlns="http://www.w3.org/1999/xhtml" xml:lang="en" lang="en">
 <head>
  <title>
</title>
<meta http-equiv="Content-Type" content="text/html;charset=utf-8" />
  <meta name='ocr-system' content='tesseract 3.04.00' />
  <meta name='ocr-capabilities' content='ocr_page ocr_carea ocr_par ocr_line ocrx_word'/>
</head>
<body>
  <div class='ocr_page' id='page_1' title='image "./liberprecumpubl00briggoog_0195.png"; bbox 0 0 2092 3450; ppageno 0'>
   <div class='ocr_carea' id='block_1_1' title="bbox 261 135 771 214">
    <p class='ocr_par' dir='ltr' id='par_1_1' title="bbox 261 135 771 214">
     <span class='ocr_line' id='line_1_1' title="bbox 261 135 771 214; baseline 0.025 -23"><span class='ocrx_word' id='word_1_1' title='bbox 261 135 296 192; x_wconf 78' lang='lat' dir='ltr'>ltu</span> <span class='ocrx_word' id='word_1_2' title='bbox 312 135 363 193; x_wconf 64' lang='lat' dir='ltr'>luia</span> <span class='ocrx_word' id='word_1_3' title='bbox 380 139 470 197; x_wconf 64' lang='lat' dir='ltr'>Sanni</span> <span class='ocrx_word' id='word_1_4' title='bbox 487 143 572 202; x_wconf 76' lang='lat' dir='ltr'>ltnrur</span> <span class='ocrx_word' id='word_1_5' title='bbox 588 145 771 214; x_wconf 63' lang='lat' dir='ltr'>annuntiatae.</span> 
     </span>
    </p>
   </div>
   <div class='ocr_carea' id='block_1_2' title="bbox 264 417 766 487">
    <p class='ocr_par' dir='ltr' id='par_1_2' title="bbox 264 417 766 487">
     <span class='ocr_line' id='line_1_2' title="bbox 264 417 766 487; baseline -0.004 -11"><span class='ocrx_word' id='word_1_6' title='bbox 264 419 300 476; x_wconf 76' lang='lat' dir='ltr'>lio</span> <span class='ocrx_word' id='word_1_7' title='bbox 315 418 363 474; x_wconf 56' lang='lat' dir='ltr'>mit</span> <span class='ocrx_word' id='word_1_8' title='bbox 380 417 469 475; x_wconf 63' lang='lat' dir='ltr'>zanni</span> <span class='ocrx_word' id='word_1_9' title='bbox 484 419 568 475; x_wconf 51' lang='lat' dir='ltr'>liutet</span> <span class='ocrx_word' id='word_1_10' title='bbox 584 417 766 487; x_wconf 67' lang='lat' dir='ltr'>mannaan.</span> 
     </span>
    </p>
   </div>
   <div class='ocr_carea' id='block_1_3' title="bbox 238 511 965 599">
    <p class='ocr_par' dir='ltr' id='par_1_3' title="bbox 238 511 965 599">
     <span class='ocr_line' id='line_1_3' title="bbox 238 511 965 599; baseline 0.007 -22"><span class='ocrx_word' id='word_1_11' title='bbox 238 511 338 571; x_wconf 49' lang='lat' dir='ltr'>&amp;iifl</span> <span class='ocrx_word' id='word_1_12' title='bbox 538 536 658 585; x_wconf 87' lang='lat' dir='ltr'>Penulam</span> <span class='ocrx_word' id='word_1_13' title='bbox 675 551 750 599; x_wconf 91' lang='lat' dir='ltr'>quam</span> <span class='ocrx_word' id='word_1_14' title='bbox 765 533 854 598; x_wconf 86' lang='lat' dir='ltr'>reliqui</span> <span class='ocrx_word' id='word_1_15' title='bbox 865 533 965 583; x_wconf 83' lang='lat' dir='ltr'>Troade</span> 
     </span>
    </p>
   </div>
   <div class='ocr_carea' id='block_1_4' title="bbox 79 598 965 738">
    <p class='ocr_par' dir='ltr' id='par_1_4' title="bbox 79 598 965 738">
     <span class='ocr_line' id='line_1_4' title="bbox 79 598 965 729; baseline -0.016 -66"><span class='ocrx_word' id='word_1_16' title='bbox 79 602 357 729; x_wconf 59' lang='lat' dir='ltr'><strong>OMNIPOTENS</strong></span> <span class='ocrx_word' id='word_1_17' title='bbox 370 610 447 671; x_wconf 86' lang='lat' dir='ltr'>Deus,</span> <span class='ocrx_word' id='word_1_18' title='bbox 463 611 506 686; x_wconf 82' lang='lat' dir='ltr'>qui</span> <span class='ocrx_word' id='word_1_19' title='bbox 537 601 604 665; x_wconf 82' lang='lat' dir='ltr'>apud</span> <span class='ocrx_word' id='word_1_20' title='bbox 617 599 733 674; x_wconf 80' lang='lat' dir='ltr'>Carpum,</span> <span class='ocrx_word' id='word_1_21' title='bbox 746 599 848 674; x_wconf 64' lang='lat' dir='ltr'>veniens</span> <span class='ocrx_word' id='word_1_22' title='bbox 859 598 919 647; x_wconf 83' lang='lat' dir='ltr'>affer</span> <span class='ocrx_word' id='word_1_23' title='bbox 930 605 965 646; x_wconf 67' lang='lat' dir='ltr'>te</span> 
     </span>
     <span class='ocr_line' id='line_1_5' title="bbox 178 664 964 738; baseline -0.015 -17"><span class='ocrx_word' id='word_1_24' title='bbox 178 677 272 726; x_wconf 79' lang='lat' dir='ltr'>Lucam</span> <span class='ocrx_word' id='word_1_25' title='bbox 288 676 419 736; x_wconf 69' lang='lat' dir='ltr'>medmum,</span> <span class='ocrx_word' id='word_1_26' title='bbox 438 691 507 738; x_wconf 62' lang='lat' dir='ltr'>cujus</span> <span class='ocrx_word' id='word_1_27' title='bbox 537 680 601 723; x_wconf 89' lang='lat' dir='ltr'>cum,</span> <span class='ocrx_word' id='word_1_28' title='bbox 616 671 641 713; x_wconf 89' lang='lat' dir='ltr'>et</span> <span class='ocrx_word' id='word_1_29' title='bbox 657 664 741 724; x_wconf 77' lang='lat' dir='ltr'>libros,</span> <span class='ocrx_word' id='word_1_30' title='bbox 755 677 863 711; x_wconf 79' lang='lat' dir='ltr'>maxime</span> <span class='ocrx_word' id='word_1_31' title='bbox 880 668 964 711; x_wconf 83' lang='lat' dir='ltr'>autem</span> 
     </span>
    </p>
   </div>
   <div class='ocr_carea' id='block_1_5' title="bbox 69 708 965 867">
    <p class='ocr_par' dir='ltr' id='par_1_5' title="bbox 69 708 965 867">
     <span class='ocr_line' id='line_1_6' title="bbox 69 708 964 804; baseline -0.012 -14"><span class='ocrx_word' id='word_1_32' title='bbox 69 708 135 789; x_wconf 62' lang='lat' dir='ltr'>⁴laus</span> <span class='ocrx_word' id='word_1_33' title='bbox 156 748 192 790; x_wconf 87' lang='lat' dir='ltr'>est</span> <span class='ocrx_word' id='word_1_34' title='bbox 213 741 240 789; x_wconf 88' lang='lat' dir='ltr'>in</span> <span class='ocrx_word' id='word_1_35' title='bbox 261 739 406 803; x_wconf 85' lang='lat' dir='ltr'>Evangelio,</span> <span class='ocrx_word' id='word_1_36' title='bbox 427 739 460 788; x_wconf 86' lang='lat' dir='ltr'>ad</span> <span class='ocrx_word' id='word_1_37' title='bbox 482 747 507 788; x_wconf 88' lang='lat' dir='ltr'>te</span> <span class='ocrx_word' id='word_1_38' title='bbox 537 730 698 804; x_wconf 35' lang='lat' dir='ltr'>membranas·</span> <span class='ocrx_word' id='word_1_39' title='bbox 739 726 883 802; x_wconf 46' lang='lat' dir='ltr'>Aletapder</span> <span class='ocrx_word' id='word_1_40' title='bbox 903 741 964 801; x_wconf 56' lang='grc' dir='ltr'>εἷα·</span> 
     </span>
     <span class='ocr_line' id='line_1_7' title="bbox 82 790 965 867; baseline -0.014 -17"><span class='ocrx_word' id='word_1_41' title='bbox 82 805 182 863; x_wconf 81' lang='lat' dir='ltr'>vocasti,</span> <span class='ocrx_word' id='word_1_42' title='bbox 202 812 230 854; x_wconf 82' lang='lat' dir='ltr'>ut</span> <span class='ocrx_word' id='word_1_43' title='bbox 248 804 326 853; x_wconf 76' lang='lat' dir='ltr'>sactus</span> <span class='ocrx_word' id='word_1_44' title='bbox 348 803 508 867; x_wconf 67' lang='lat' dir='ltr'>Evangelista</span> <span class='ocrx_word' id='word_1_45' title='bbox 537 809 587 842; x_wconf 83' lang='lat' dir='ltr'>nus</span> <span class='ocrx_word' id='word_1_46' title='bbox 597 792 677 841; x_wconf 90' lang='lat' dir='ltr'>multa</span> <span class='ocrx_word' id='word_1_47' title='bbox 690 791 756 840; x_wconf 86' lang='lat' dir='ltr'>mala</span> <span class='ocrx_word' id='word_1_48' title='bbox 766 791 829 839; x_wconf 84' lang='lat' dir='ltr'>mrhr</span> <span class='ocrx_word' id='word_1_49' title='bbox 841 790 965 840; x_wconf 78' lang='lat' dir='ltr'>ostendit:</span> 
     </span>
    </p>
   </div>
   <div class='ocr_carea' id='block_1_6' title="bbox 82 855 966 933">
    <p class='ocr_par' dir='ltr' id='par_1_6' title="bbox 82 855 966 933">
     <span class='ocr_line' id='line_1_8' title="bbox 82 855 966 933; baseline -0.002 -29"><span class='ocrx_word' id='word_1_50' title='bbox 82 869 219 918; x_wconf 68' lang='lat' dir='ltr'>animarum</span> <span class='ocrx_word' id='word_1_51' title='bbox 229 884 328 933; x_wconf 73' lang='lat' dir='ltr'>quoque</span> <span class='ocrx_word' id='word_1_52' title='bbox 338 883 421 917; x_wconf 71' lang='lat' dir='ltr'>curam</span> <span class='ocrx_word' id='word_1_53' title='bbox 433 868 507 916; x_wconf 77' lang='lat' dir='ltr'>susci.</span> <span class='ocrx_word' id='word_1_54' title='bbox 538 857 624 906; x_wconf 69' lang='lat' dir='ltr'>reddet</span> <span class='ocrx_word' id='word_1_55' title='bbox 634 857 672 905; x_wconf 76' lang='lat' dir='ltr'>iili</span> <span class='ocrx_word' id='word_1_56' title='bbox 690 855 813 904; x_wconf 76' lang='lat' dir='ltr'>Dominus</span> <span class='ocrx_word' id='word_1_57' title='bbox 830 855 966 903; x_wconf 73' lang='lat' dir='ltr'>secundum</span> 
     </span>
    </p>
   </div>
   <div class='ocr_carea' id='block_1_7' title="bbox 82 918 967 1328">
    <p class='ocr_par' dir='ltr' id='par_1_7' title="bbox 82 918 967 1120">
     <span class='ocr_line' id='line_1_9' title="bbox 82 918 966 996; baseline 0.006 -15"><span class='ocrx_word' id='word_1_58' title='bbox 82 940 170 996; x_wconf 87' lang='lat' dir='ltr'>peret;</span> <span class='ocrx_word' id='word_1_59' title='bbox 193 933 295 992; x_wconf 88' lang='lat' dir='ltr'>Praesta,</span> <span class='ocrx_word' id='word_1_60' title='bbox 314 948 461 996; x_wconf 85' lang='lat' dir='ltr'>quaesumus,</span> <span class='ocrx_word' id='word_1_61' title='bbox 480 940 508 980; x_wconf 91' lang='lat' dir='ltr'>ut</span> <span class='ocrx_word' id='word_1_62' title='bbox 539 936 614 984; x_wconf 62' lang='lat' dir='ltr'>Opera</span> <span class='ocrx_word' id='word_1_63' title='bbox 625 920 691 995; x_wconf 56' lang='lat' dir='ltr'>‘illst</span> <span class='ocrx_word' id='word_1_64' title='bbox 707 935 782 994; x_wconf 63' lang='lat' dir='ltr'>queF!</span> <span class='ocrx_word' id='word_1_65' title='bbox 793 926 818 968; x_wconf 64' lang='lat' dir='ltr'>et</span> <span class='ocrx_word' id='word_1_66' title='bbox 829 926 856 966; x_wconf 62' lang='grc' dir='ltr'>ω</span> <span class='ocrx_word' id='word_1_67' title='bbox 867 918 966 994; x_wconf 50' lang='lat' dir='ltr'>‘leiim‘</span> 
     </span>
     <span class='ocr_line' id='line_1_10' title="bbox 82 983 967 1060; baseline 0.003 -31"><span class='ocrx_word' id='word_1_68' title='bbox 82 996 219 1047; x_wconf 62' lang='lat' dir='ltr'>salubribus</span> <span class='ocrx_word' id='word_1_69' title='bbox 235 997 287 1060; x_wconf 69' lang='lat' dir='ltr'>ejus</span> <span class='ocrx_word' id='word_1_70' title='bbox 302 997 420 1045; x_wconf 57' lang='lat' dir='ltr'>doctrinae</span> <span class='ocrx_word' id='word_1_71' title='bbox 431 996 508 1044; x_wconf 67' lang='lat' dir='ltr'>medi.</span> <span class='ocrx_word' id='word_1_72' title='bbox 538 985 612 1060; x_wconf 70' lang='lat' dir='ltr'>valde</span> <span class='ocrx_word' id='word_1_73' title='bbox 622 1000 688 1034; x_wconf 88' lang='lat' dir='ltr'>emm</span> <span class='ocrx_word' id='word_1_74' title='bbox 704 990 794 1033; x_wconf 78' lang='lat' dir='ltr'>restitit</span> <span class='ocrx_word' id='word_1_75' title='bbox 809 983 892 1032; x_wconf 79' lang='lat' dir='ltr'>verbis</span> <span class='ocrx_word' id='word_1_76' title='bbox 909 998 967 1032; x_wconf 87' lang='lat' dir='ltr'>nos·</span> 
     </span>
     <span class='ocr_line' id='line_1_11' title="bbox 83 1056 589 1120; baseline 0.002 -12"><span class='ocrx_word' id='word_1_77' title='bbox 83 1061 151 1120; x_wconf 91' lang='lat' dir='ltr'>cinis,</span> <span class='ocrx_word' id='word_1_78' title='bbox 165 1076 251 1111; x_wconf 87' lang='lat' dir='ltr'>omnes</span> <span class='ocrx_word' id='word_1_79' title='bbox 262 1061 398 1110; x_wconf 89' lang='lat' dir='ltr'>animarum</span> <span class='ocrx_word' id='word_1_80' title='bbox 414 1067 508 1109; x_wconf 90' lang='lat' dir='ltr'>nostra·</span> <span class='ocrx_word' id='word_1_81' title='bbox 538 1056 589 1098; x_wconf 61' lang='lat'>11¹⁵·</span> 
     </span>
    </p>

    <p class='ocr_par' dir='ltr' id='par_1_8' title="bbox 82 1124 796 1183">
     <span class='ocr_line' id='line_1_12' title="bbox 82 1124 796 1183; baseline 0.001 -11"><span class='ocrx_word' id='word_1_82' title='bbox 82 1139 137 1173; x_wconf 88' lang='lat' dir='ltr'>rum</span> <span class='ocrx_word' id='word_1_83' title='bbox 147 1125 229 1174; x_wconf 87' lang='lat' dir='ltr'>morbi</span> <span class='ocrx_word' id='word_1_84' title='bbox 240 1132 364 1175; x_wconf 83' lang='lat' dir='ltr'>sanentur.</span> <span class='ocrx_word' id='word_1_85' title='bbox 398 1124 447 1172; x_wconf 89' lang='lat' dir='ltr'>Per</span> <span class='ocrx_word' id='word_1_86' title='bbox 457 1139 508 1173; x_wconf 90' lang='lat' dir='ltr'>me·</span> <span class='ocrx_word' id='word_1_87' title='bbox 792 1171 796 1183; x_wconf 75' lang='grc'>,</span> 
     </span>
    </p>

    <p class='ocr_par' dir='ltr' id='par_1_9' title="bbox 82 1168 920 1328">
     <span class='ocr_line' id='line_1_13' title="bbox 82 1168 920 1254; baseline 0.001 -18"><span class='ocrx_word' id='word_1_88' title='bbox 82 1189 130 1236; x_wconf 87' lang='lat' dir='ltr'>rita</span> <span class='ocrx_word' id='word_1_89' title='bbox 150 1189 207 1238; x_wconf 81' lang='lat' dir='ltr'>Filii</span> <span class='ocrx_word' id='word_1_90' title='bbox 224 1189 262 1238; x_wconf 89' lang='lat' dir='ltr'>tui</span> <span class='ocrx_word' id='word_1_91' title='bbox 275 1191 336 1254; x_wconf 77' lang='lat' dir='ltr'>Jesu</span> <span class='ocrx_word' id='word_1_92' title='bbox 352 1187 444 1237; x_wconf 87' lang='lat' dir='ltr'>Christi</span> <span class='ocrx_word' id='word_1_93' title='bbox 455 1188 508 1236; x_wconf 91' lang='lat' dir='ltr'>Do·</span> <span class='ocrx_word' id='word_1_94' title='bbox 677 1168 848 1240; x_wconf 59' lang='lat' dir='ltr'>litaanlmm.</span> <span class='ocrx_word' id='word_1_95' title='bbox 918 1232 920 1237; x_wconf 93' lang='lat'><em>.</em></span> 
     </span>
     <span class='ocr_line' id='line_1_14' title="bbox 82 1253 841 1328; baseline 0.004 -28"><span class='ocrx_word' id='word_1_96' title='bbox 82 1253 144 1301; x_wconf 90' lang='lat' dir='ltr'>mini</span> <span class='ocrx_word' id='word_1_97' title='bbox 155 1253 238 1303; x_wconf 83' lang='lat' dir='ltr'>nostri</span> <span class='ocrx_word' id='word_1_98' title='bbox 273 1254 362 1303; x_wconf 85' lang='lat' dir='ltr'>Amen.</span> <span class='ocrx_word' id='word_1_99' title='bbox 658 1277 684 1327; x_wconf 37' lang='lat'>5.</span> <span class='ocrx_word' id='word_1_100' title='bbox 697 1277 805 1328; x_wconf 53' lang='lat' dir='ltr'>Luem</span> <span class='ocrx_word' id='word_1_101' title='bbox 821 1291 841 1328; x_wconf 89' lang='lat'>1.</span> 
     </span>
    </p>
   </div>
   <div class='ocr_carea' id='block_1_8' title="bbox 81 1365 971 2971">
    <p class='ocr_par' dir='ltr' id='par_1_10' title="bbox 81 1365 971 2971">
     <span class='ocr_line' id='line_1_15' title="bbox 233 1365 969 1444; baseline 0.003 -30"><span class='ocrx_word' id='word_1_102' title='bbox 233 1374 358 1444; x_wconf 46' lang='lat' dir='ltr'>sspfigtulffi</span> <span class='ocrx_word' id='word_1_103' title='bbox 605 1365 969 1441; x_wconf 31' lang='lat' dir='ltr'>ESlGNAVITlDominuset</span> 
     </span>
     <span class='ocr_line' id='line_1_16' title="bbox 180 1430 968 1544; baseline 0.003 -2"><span class='ocrx_word' id='word_1_104' title='bbox 180 1470 328 1522; x_wconf 69' lang='lat' dir='ltr'>²A‘1Tim·</span> <span class='ocrx_word' id='word_1_105' title='bbox 341 1473 373 1520; x_wconf 69' lang='lat' dir='ltr'>iv·</span> <span class='ocrx_word' id='word_1_106' title='bbox 387 1479 408 1532; x_wconf 86' lang='lat'>5·</span> <span class='ocrx_word' id='word_1_107' title='bbox 540 1494 608 1543; x_wconf 73' lang='lat' dir='ltr'>misit</span> <span class='ocrx_word' id='word_1_108' title='bbox 629 1430 968 1544; x_wconf 49' lang='lat' dir='ltr'>riiifsiiiiigiiiaediici&#39;effi</span> 
     </span>
     <span class='ocr_line' id='line_1_17' title="bbox 84 1548 969 1675; baseline 0.001 -68"><span class='ocrx_word' id='word_1_109' title='bbox 84 1548 173 1675; x_wconf 81' lang='lat' dir='ltr'>TU</span> <span class='ocrx_word' id='word_1_110' title='bbox 184 1575 243 1608; x_wconf 90' lang='lat' dir='ltr'>vero</span> <span class='ocrx_word' id='word_1_111' title='bbox 259 1559 342 1623; x_wconf 82' lang='lat' dir='ltr'>vigila,</span> <span class='ocrx_word' id='word_1_112' title='bbox 361 1561 387 1610; x_wconf 94' lang='lat' dir='ltr'>in</span> <span class='ocrx_word' id='word_1_113' title='bbox 398 1561 511 1610; x_wconf 90' lang='lat' dir='ltr'>omnibus</span> <span class='ocrx_word' id='word_1_114' title='bbox 541 1574 611 1607; x_wconf 87' lang='lat' dir='ltr'>suam</span> <span class='ocrx_word' id='word_1_115' title='bbox 632 1559 659 1606; x_wconf 90' lang='lat' dir='ltr'>in</span> <span class='ocrx_word' id='word_1_116' title='bbox 677 1574 777 1607; x_wconf 89' lang='lat' dir='ltr'>omnem</span> <span class='ocrx_word' id='word_1_117' title='bbox 799 1560 926 1609; x_wconf 88' lang='lat' dir='ltr'>civitatem</span> <span class='ocrx_word' id='word_1_118' title='bbox 944 1567 969 1608; x_wconf 87' lang='lat' dir='ltr'>et</span> 
     </span>
     <span class='ocr_line' id='line_1_18' title="bbox 179 1622 965 1688; baseline 0.001 -17"><span class='ocrx_word' id='word_1_119' title='bbox 179 1622 272 1683; x_wconf 87' lang='lat' dir='ltr'>labora,</span> <span class='ocrx_word' id='word_1_120' title='bbox 297 1640 359 1688; x_wconf 92' lang='lat' dir='ltr'>opus</span> <span class='ocrx_word' id='word_1_121' title='bbox 381 1624 420 1674; x_wconf 85' lang='lat' dir='ltr'>t&#39;ac</span> <span class='ocrx_word' id='word_1_122' title='bbox 438 1641 510 1674; x_wconf 88' lang='lat' dir='ltr'>evan·</span> <span class='ocrx_word' id='word_1_123' title='bbox 540 1622 630 1682; x_wconf 90' lang='lat' dir='ltr'>locum,</span> <span class='ocrx_word' id='word_1_124' title='bbox 645 1638 693 1686; x_wconf 93' lang='lat' dir='ltr'>quo</span> <span class='ocrx_word' id='word_1_125' title='bbox 705 1631 757 1671; x_wconf 87' lang='lat' dir='ltr'>erat</span> <span class='ocrx_word' id='word_1_126' title='bbox 772 1623 825 1686; x_wconf 87' lang='lat' dir='ltr'>ipse</span> <span class='ocrx_word' id='word_1_127' title='bbox 841 1631 965 1673; x_wconf 84' lang='lat' dir='ltr'>venturus.</span> 
     </span>
     <span class='ocr_line' id='line_1_19' title="bbox 82 1687 969 1752; baseline 0.001 -17"><span class='ocrx_word' id='word_1_128' title='bbox 82 1687 185 1749; x_wconf 87' lang='lat' dir='ltr'>gelistae,</span> <span class='ocrx_word' id='word_1_129' title='bbox 231 1688 393 1738; x_wconf 86' lang='lat' dir='ltr'>ministerium</span> <span class='ocrx_word' id='word_1_130' title='bbox 441 1697 510 1738; x_wconf 89' lang='lat' dir='ltr'>tuum</span> <span class='ocrx_word' id='word_1_131' title='bbox 542 1687 574 1735; x_wconf 86' lang='lat' dir='ltr'>Et</span> <span class='ocrx_word' id='word_1_132' title='bbox 586 1687 684 1735; x_wconf 87' lang='lat' dir='ltr'>dicebat</span> <span class='ocrx_word' id='word_1_133' title='bbox 693 1687 856 1737; x_wconf 75' lang='lat' dir='ltr'>illiszMessis</span> <span class='ocrx_word' id='word_1_134' title='bbox 868 1687 969 1752; x_wconf 89' lang='lat' dir='ltr'>quidem</span> 
     </span>
     <span class='ocr_line' id='line_1_20' title="bbox 84 1750 964 1816; baseline 0.002 -18"><span class='ocrx_word' id='word_1_135' title='bbox 84 1751 166 1814; x_wconf 90' lang='lat' dir='ltr'>imple,</span> <span class='ocrx_word' id='word_1_136' title='bbox 180 1752 276 1801; x_wconf 90' lang='lat' dir='ltr'>sobrius</span> <span class='ocrx_word' id='word_1_137' title='bbox 286 1760 345 1802; x_wconf 88' lang='lat' dir='ltr'>esto.</span> <span class='ocrx_word' id='word_1_138' title='bbox 380 1753 436 1816; x_wconf 87' lang='lat' dir='ltr'>Ego</span> <span class='ocrx_word' id='word_1_139' title='bbox 445 1754 510 1802; x_wconf 91' lang='lat' dir='ltr'>enim</span> <span class='ocrx_word' id='word_1_140' title='bbox 541 1750 626 1809; x_wconf 86' lang='lat' dir='ltr'>multa,</span> <span class='ocrx_word' id='word_1_141' title='bbox 646 1751 751 1814; x_wconf 89' lang='lat' dir='ltr'>operarii</span> <span class='ocrx_word' id='word_1_142' title='bbox 778 1762 861 1800; x_wconf 88' lang='lat' dir='ltr'>autem</span> <span class='ocrx_word' id='word_1_143' title='bbox 885 1753 964 1815; x_wconf 88' lang='lat' dir='ltr'>pauci</span> 
     </span>
     <span class='ocr_line' id='line_1_21' title="bbox 81 1815 965 1878; baseline 0 -14"><span class='ocrx_word' id='word_1_144' title='bbox 81 1815 134 1878; x_wconf 87' lang='lat' dir='ltr'>jam</span> <span class='ocrx_word' id='word_1_145' title='bbox 150 1816 254 1875; x_wconf 87' lang='lat' dir='ltr'>delibor,</span> <span class='ocrx_word' id='word_1_146' title='bbox 269 1825 293 1866; x_wconf 87' lang='lat' dir='ltr'>et</span> <span class='ocrx_word' id='word_1_147' title='bbox 304 1823 354 1867; x_wconf 91' lang='lat' dir='ltr'>tem</span> <span class='ocrx_word' id='word_1_148' title='bbox 373 1834 402 1866; x_wconf 93' lang='lat' dir='ltr'>us</span> <span class='ocrx_word' id='word_1_149' title='bbox 418 1818 509 1866; x_wconf 87' lang='lat' dir='ltr'>resolu-</span> <span class='ocrx_word' id='word_1_150' title='bbox 542 1815 638 1878; x_wconf 81' lang='lat' dir='ltr'>Rogate</span> <span class='ocrx_word' id='word_1_151' title='bbox 650 1831 708 1878; x_wconf 85' lang='lat' dir='ltr'>ergo</span> <span class='ocrx_word' id='word_1_152' title='bbox 720 1816 857 1864; x_wconf 90' lang='lat' dir='ltr'>Dominum</span> <span class='ocrx_word' id='word_1_153' title='bbox 871 1816 965 1875; x_wconf 86' lang='lat' dir='ltr'>messis,</span> 
     </span>
     <span class='ocr_line' id='line_1_22' title="bbox 84 1833 968 1943; baseline 0.001 -16"><span class='ocrx_word' id='word_1_154' title='bbox 84 1879 227 1928; x_wconf 87' lang='lat' dir='ltr'>tionismeae</span> <span class='ocrx_word' id='word_1_155' title='bbox 236 1882 316 1930; x_wconf 90' lang='lat' dir='ltr'>instat.</span> <span class='ocrx_word' id='word_1_156' title='bbox 354 1833 509 1931; x_wconf 52' lang='lat' dir='ltr'>Eonumcer·</span> <span class='ocrx_word' id='word_1_157' title='bbox 541 1886 568 1927; x_wconf 89' lang='lat' dir='ltr'>ut</span> <span class='ocrx_word' id='word_1_158' title='bbox 581 1879 663 1927; x_wconf 86' lang='lat' dir='ltr'>mittat</span> <span class='ocrx_word' id='word_1_159' title='bbox 682 1881 806 1943; x_wconf 86' lang='lat' dir='ltr'>operarios</span> <span class='ocrx_word' id='word_1_160' title='bbox 819 1881 846 1929; x_wconf 87' lang='lat' dir='ltr'>in</span> <span class='ocrx_word' id='word_1_161' title='bbox 862 1896 968 1928; x_wconf 85' lang='lat' dir='ltr'><strong>messem</strong></span> 
     </span>
     <span class='ocr_line' id='line_1_23' title="bbox 84 1943 968 2007; baseline 0.002 -16"><span class='ocrx_word' id='word_1_162' title='bbox 84 1951 167 1991; x_wconf 87' lang='lat' dir='ltr'>tamen</span> <span class='ocrx_word' id='word_1_163' title='bbox 178 1945 276 2004; x_wconf 84' lang='lat' dir='ltr'>certavi,</span> <span class='ocrx_word' id='word_1_164' title='bbox 288 1961 385 1994; x_wconf 90' lang='lat' dir='ltr'>cursum</span> <span class='ocrx_word' id='word_1_165' title='bbox 397 1962 509 1994; x_wconf 89' lang='lat' dir='ltr'>consum·</span> <span class='ocrx_word' id='word_1_166' title='bbox 540 1959 617 1992; x_wconf 87' lang='lat' dir='ltr'>suam</span> <span class='ocrx_word' id='word_1_167' title='bbox 655 1943 708 1991; x_wconf 86' lang='lat' dir='ltr'>Ite:</span> <span class='ocrx_word' id='word_1_168' title='bbox 725 1959 781 1992; x_wconf 90' lang='lat' dir='ltr'>ecce</span> <span class='ocrx_word' id='word_1_169' title='bbox 790 1960 836 2007; x_wconf 84' lang='lat' dir='ltr'>ego</span> <span class='ocrx_word' id='word_1_170' title='bbox 845 1945 919 1993; x_wconf 90' lang='lat' dir='ltr'>mitto</span> <span class='ocrx_word' id='word_1_171' title='bbox 924 1961 968 1993; x_wconf 90' lang='lat' dir='ltr'>vos</span> 
     </span>
     <span class='ocr_line' id='line_1_24' title="bbox 83 2006 968 2074; baseline 0.003 -20"><span class='ocrx_word' id='word_1_172' title='bbox 83 2007 157 2066; x_wconf 90' lang='lat' dir='ltr'>mavi,</span> <span class='ocrx_word' id='word_1_173' title='bbox 168 2006 243 2057; x_wconf 89' lang='lat' dir='ltr'>fidem</span> <span class='ocrx_word' id='word_1_174' title='bbox 254 2010 355 2059; x_wconf 87' lang='lat' dir='ltr'>servavi.</span> <span class='ocrx_word' id='word_1_175' title='bbox 377 2010 407 2058; x_wconf 87' lang='lat' dir='ltr'>ln</span> <span class='ocrx_word' id='word_1_176' title='bbox 416 2011 510 2074; x_wconf 88' lang='lat' dir='ltr'>reliquo</span> <span class='ocrx_word' id='word_1_177' title='bbox 541 2008 603 2056; x_wconf 90' lang='lat' dir='ltr'>sicut</span> <span class='ocrx_word' id='word_1_178' title='bbox 613 2023 690 2070; x_wconf 87' lang='lat' dir='ltr'>agnos</span> <span class='ocrx_word' id='word_1_179' title='bbox 701 2008 765 2055; x_wconf 87' lang='lat' dir='ltr'>inter</span> <span class='ocrx_word' id='word_1_180' title='bbox 772 2008 852 2071; x_wconf 87' lang='lat' dir='ltr'>lupos.</span> <span class='ocrx_word' id='word_1_181' title='bbox 881 2008 968 2057; x_wconf 84' lang='lat' dir='ltr'>Nolite</span> 
     </span>
     <span class='ocr_line' id='line_1_25' title="bbox 83 2071 965 2137; baseline 0.003 -19"><span class='ocrx_word' id='word_1_182' title='bbox 83 2071 190 2135; x_wconf 87' lang='lat' dir='ltr'>reposita</span> <span class='ocrx_word' id='word_1_183' title='bbox 206 2079 243 2121; x_wconf 89' lang='lat' dir='ltr'>est</span> <span class='ocrx_word' id='word_1_184' title='bbox 258 2073 320 2122; x_wconf 92' lang='lat' dir='ltr'>mihi</span> <span class='ocrx_word' id='word_1_185' title='bbox 336 2089 427 2123; x_wconf 88' lang='lat' dir='ltr'>corona</span> <span class='ocrx_word' id='word_1_186' title='bbox 439 2074 510 2136; x_wconf 88' lang='lat' dir='ltr'>justi·</span> <span class='ocrx_word' id='word_1_187' title='bbox 541 2079 638 2135; x_wconf 89' lang='lat' dir='ltr'>portare</span> <span class='ocrx_word' id='word_1_188' title='bbox 645 2072 776 2130; x_wconf 87' lang='lat' dir='ltr'>sacculum,</span> <span class='ocrx_word' id='word_1_189' title='bbox 784 2087 864 2136; x_wconf 88' lang='lat' dir='ltr'>neque</span> <span class='ocrx_word' id='word_1_190' title='bbox 872 2088 965 2137; x_wconf 87' lang='lat' dir='ltr'>peram,</span> 
     </span>
     <span class='ocr_line' id='line_1_26' title="bbox 84 2135 969 2198; baseline 0.003 -16"><span class='ocrx_word' id='word_1_191' title='bbox 84 2135 132 2194; x_wconf 86' lang='lat' dir='ltr'>tiae,</span> <span class='ocrx_word' id='word_1_192' title='bbox 140 2151 214 2198; x_wconf 88' lang='lat' dir='ltr'>quam</span> <span class='ocrx_word' id='word_1_193' title='bbox 223 2136 308 2186; x_wconf 89' lang='lat' dir='ltr'>reddet</span> <span class='ocrx_word' id='word_1_194' title='bbox 314 2138 376 2186; x_wconf 88' lang='lat' dir='ltr'>mihi</span> <span class='ocrx_word' id='word_1_195' title='bbox 386 2138 509 2187; x_wconf 86' lang='lat' dir='ltr'>Dominus</span> <span class='ocrx_word' id='word_1_196' title='bbox 540 2151 621 2198; x_wconf 86' lang='lat' dir='ltr'>neque</span> <span class='ocrx_word' id='word_1_197' title='bbox 632 2136 804 2195; x_wconf 86' lang='lat' dir='ltr'>calceamenta,</span> <span class='ocrx_word' id='word_1_198' title='bbox 812 2144 836 2184; x_wconf 89' lang='lat' dir='ltr'>et</span> <span class='ocrx_word' id='word_1_199' title='bbox 843 2137 969 2185; x_wconf 89' lang='lat' dir='ltr'>neminem</span> 
     </span>
     <span class='ocr_line' id='line_1_27' title="bbox 83 2199 969 2276; baseline 0.003 -30"><span class='ocrx_word' id='word_1_200' title='bbox 83 2199 109 2247; x_wconf 91' lang='lat' dir='ltr'>in</span> <span class='ocrx_word' id='word_1_201' title='bbox 126 2199 170 2248; x_wconf 83' lang='lat' dir='ltr'>illa</span> <span class='ocrx_word' id='word_1_202' title='bbox 186 2200 227 2249; x_wconf 93' lang='lat' dir='ltr'>die</span> <span class='ocrx_word' id='word_1_203' title='bbox 243 2201 322 2264; x_wconf 87' lang='lat' dir='ltr'>justus</span> <span class='ocrx_word' id='word_1_204' title='bbox 338 2203 434 2276; x_wconf 81' lang='lat' dir='ltr'>Judex:</span> <span class='ocrx_word' id='word_1_205' title='bbox 458 2218 510 2250; x_wconf 89' lang='lat' dir='ltr'>non</span> <span class='ocrx_word' id='word_1_206' title='bbox 540 2215 585 2264; x_wconf 88' lang='lat' dir='ltr'>per</span> <span class='ocrx_word' id='word_1_207' title='bbox 614 2200 682 2249; x_wconf 86' lang='lat' dir='ltr'>viam</span> <span class='ocrx_word' id='word_1_208' title='bbox 715 2200 884 2250; x_wconf 87' lang='lat' dir='ltr'>salutaveritis.</span> <span class='ocrx_word' id='word_1_209' title='bbox 938 2201 969 2251; x_wconf 93' lang='lat' dir='ltr'>In</span> 
     </span>
     <span class='ocr_line' id='line_1_28' title="bbox 83 2262 969 2328; baseline 0.005 -18"><span class='ocrx_word' id='word_1_210' title='bbox 83 2262 163 2311; x_wconf 90' lang='lat' dir='ltr'>solum</span> <span class='ocrx_word' id='word_1_211' title='bbox 182 2272 264 2313; x_wconf 86' lang='lat' dir='ltr'>autem</span> <span class='ocrx_word' id='word_1_212' title='bbox 285 2266 355 2324; x_wconf 79' lang='lat' dir='ltr'>mihi,</span> <span class='ocrx_word' id='word_1_213' title='bbox 376 2267 462 2315; x_wconf 87' lang='lat' dir='ltr'>sedet</span> <span class='ocrx_word' id='word_1_214' title='bbox 480 2266 509 2316; x_wconf 90' lang='lat' dir='ltr'>iis</span> <span class='ocrx_word' id='word_1_215' title='bbox 541 2278 721 2328; x_wconf 88' lang='lat' dir='ltr'>quamcumque</span> <span class='ocrx_word' id='word_1_216' title='bbox 741 2265 844 2312; x_wconf 89' lang='lat' dir='ltr'>domum</span> <span class='ocrx_word' id='word_1_217' title='bbox 863 2266 969 2314; x_wconf 87' lang='lat' dir='ltr'>intrave-</span> 
     </span>
     <span class='ocr_line' id='line_1_29' title="bbox 83 2327 969 2393; baseline 0.005 -19"><span class='ocrx_word' id='word_1_218' title='bbox 83 2327 126 2390; x_wconf 94' lang='lat' dir='ltr'>qui</span> <span class='ocrx_word' id='word_1_219' title='bbox 153 2328 258 2392; x_wconf 83' lang='lat' dir='ltr'>diligunt</span> <span class='ocrx_word' id='word_1_220' title='bbox 285 2330 419 2378; x_wconf 85' lang='lat' dir='ltr'>adventurn</span> <span class='ocrx_word' id='word_1_221' title='bbox 446 2330 505 2393; x_wconf 86' lang='lat' dir='ltr'>ejus.</span> <span class='ocrx_word' id='word_1_222' title='bbox 539 2329 601 2386; x_wconf 85' lang='lat' dir='ltr'>ritis,</span> <span class='ocrx_word' id='word_1_223' title='bbox 615 2329 824 2392; x_wconf 86' lang='lat' dir='ltr'>primumdicite:</span> <span class='ocrx_word' id='word_1_224' title='bbox 842 2329 895 2378; x_wconf 83' lang='lat' dir='ltr'>Pax</span> <span class='ocrx_word' id='word_1_225' title='bbox 910 2329 969 2378; x_wconf 91' lang='lat' dir='ltr'>huic</span> 
     </span>
     <span class='ocr_line' id='line_1_30' title="bbox 84 2391 970 2442; baseline 0.005 -4"><span class='ocrx_word' id='word_1_226' title='bbox 84 2391 185 2440; x_wconf 85' lang='lat' dir='ltr'>Festina</span> <span class='ocrx_word' id='word_1_227' title='bbox 210 2392 242 2440; x_wconf 88' lang='lat' dir='ltr'>ad</span> <span class='ocrx_word' id='word_1_228' title='bbox 272 2409 313 2442; x_wconf 89' lang='lat' dir='ltr'>me</span> <span class='ocrx_word' id='word_1_229' title='bbox 334 2394 418 2442; x_wconf 86' lang='lat' dir='ltr'>venire</span> <span class='ocrx_word' id='word_1_230' title='bbox 444 2395 509 2442; x_wconf 90' lang='lat' dir='ltr'>cito:</span> <span class='ocrx_word' id='word_1_231' title='bbox 541 2392 640 2441; x_wconf 88' lang='lat' dir='ltr'>domui:</span> <span class='ocrx_word' id='word_1_232' title='bbox 668 2400 692 2441; x_wconf 92' lang='lat' dir='ltr'>et</span> <span class='ocrx_word' id='word_1_233' title='bbox 714 2392 735 2440; x_wconf 90' lang='lat' dir='ltr'>si</span> <span class='ocrx_word' id='word_1_234' title='bbox 756 2392 792 2440; x_wconf 93' lang='lat' dir='ltr'>ibi</span> <span class='ocrx_word' id='word_1_235' title='bbox 809 2392 882 2442; x_wconf 89' lang='lat' dir='ltr'>suerit</span> <span class='ocrx_word' id='word_1_236' title='bbox 904 2392 970 2442; x_wconf 86' lang='lat' dir='ltr'>filius</span> 
     </span>
     <span class='ocr_line' id='line_1_31' title="bbox 84 2456 969 2521; baseline 0.002 -18"><span class='ocrx_word' id='word_1_237' title='bbox 84 2456 177 2504; x_wconf 90' lang='lat' dir='ltr'>Demas</span> <span class='ocrx_word' id='word_1_238' title='bbox 193 2457 259 2505; x_wconf 87' lang='lat' dir='ltr'>enirn</span> <span class='ocrx_word' id='word_1_239' title='bbox 278 2473 319 2506; x_wconf 91' lang='lat' dir='ltr'>me</span> <span class='ocrx_word' id='word_1_240' title='bbox 334 2458 440 2521; x_wconf 86' lang='lat' dir='ltr'>reliquit,</span> <span class='ocrx_word' id='word_1_241' title='bbox 454 2458 508 2506; x_wconf 90' lang='lat' dir='ltr'>dili·</span> <span class='ocrx_word' id='word_1_242' title='bbox 540 2457 616 2520; x_wconf 80' lang='lat' dir='ltr'>paciS,</span> <span class='ocrx_word' id='word_1_243' title='bbox 641 2456 775 2520; x_wconf 88' lang='lat' dir='ltr'>requiescet</span> <span class='ocrx_word' id='word_1_244' title='bbox 797 2472 871 2520; x_wconf 88' lang='lat' dir='ltr'>super</span> <span class='ocrx_word' id='word_1_245' title='bbox 897 2457 969 2506; x_wconf 91' lang='lat' dir='ltr'>illum</span> 
     </span>
     <span class='ocr_line' id='line_1_32' title="bbox 82 2519 969 2583; baseline 0.002 -15"><span class='ocrx_word' id='word_1_246' title='bbox 82 2535 142 2581; x_wconf 89' lang='lat' dir='ltr'>gens</span> <span class='ocrx_word' id='word_1_247' title='bbox 168 2519 217 2569; x_wconf 91' lang='lat' dir='ltr'>hoc</span> <span class='ocrx_word' id='word_1_248' title='bbox 243 2521 367 2581; x_wconf 84' lang='lat' dir='ltr'>saeculum,</span> <span class='ocrx_word' id='word_1_249' title='bbox 396 2529 421 2571; x_wconf 85' lang='lat' dir='ltr'>et</span> <span class='ocrx_word' id='word_1_250' title='bbox 448 2523 508 2571; x_wconf 87' lang='lat' dir='ltr'>abiit</span> <span class='ocrx_word' id='word_1_251' title='bbox 540 2536 589 2583; x_wconf 87' lang='lat' dir='ltr'>pax</span> <span class='ocrx_word' id='word_1_252' title='bbox 599 2527 681 2568; x_wconf 87' lang='lat' dir='ltr'>vestra</span> <span class='ocrx_word' id='word_1_253' title='bbox 688 2539 696 2581; x_wconf 92' lang='lat'>;</span> <span class='ocrx_word' id='word_1_254' title='bbox 711 2521 749 2569; x_wconf 91' lang='lat' dir='ltr'>sin</span> <span class='ocrx_word' id='word_1_255' title='bbox 765 2529 855 2579; x_wconf 88' lang='lat' dir='ltr'>autem,</span> <span class='ocrx_word' id='word_1_256' title='bbox 874 2521 908 2569; x_wconf 88' lang='lat' dir='ltr'>ad</span> <span class='ocrx_word' id='word_1_257' title='bbox 925 2537 969 2570; x_wconf 91' lang='lat' dir='ltr'>vos</span> 
     </span>
     <span class='ocr_line' id='line_1_33' title="bbox 84 2584 969 2635; baseline 0.002 -4"><span class='ocrx_word' id='word_1_258' title='bbox 84 2585 299 2634; x_wconf 89' lang='lat' dir='ltr'>Thessalonicam:</span> <span class='ocrx_word' id='word_1_259' title='bbox 334 2585 451 2635; x_wconf 86' lang='lat' dir='ltr'>Crescens</span> <span class='ocrx_word' id='word_1_260' title='bbox 482 2587 509 2634; x_wconf 91' lang='lat' dir='ltr'>in</span> <span class='ocrx_word' id='word_1_261' title='bbox 540 2592 679 2633; x_wconf 87' lang='lat' dir='ltr'>revertetur.</span> <span class='ocrx_word' id='word_1_262' title='bbox 725 2585 756 2633; x_wconf 91' lang='lat' dir='ltr'>ln</span> <span class='ocrx_word' id='word_1_263' title='bbox 776 2584 863 2632; x_wconf 87' lang='lat' dir='ltr'>eadem</span> <span class='ocrx_word' id='word_1_264' title='bbox 886 2593 969 2633; x_wconf 88' lang='lat' dir='ltr'>autem</span> 
     </span>
     <span class='ocr_line' id='line_1_34' title="bbox 84 2648 970 2708; baseline 0.001 -12"><span class='ocrx_word' id='word_1_265' title='bbox 84 2648 216 2708; x_wconf 83' lang='lat' dir='ltr'>Galatiam,</span> <span class='ocrx_word' id='word_1_266' title='bbox 226 2650 297 2698; x_wconf 85' lang='lat' dir='ltr'>Titus</span> <span class='ocrx_word' id='word_1_267' title='bbox 308 2650 334 2697; x_wconf 92' lang='lat' dir='ltr'>in</span> <span class='ocrx_word' id='word_1_268' title='bbox 346 2649 505 2699; x_wconf 82' lang='lat' dir='ltr'>Dalmatiam</span> <span class='ocrx_word' id='word_1_269' title='bbox 540 2649 616 2697; x_wconf 90' lang='lat' dir='ltr'>domo</span> <span class='ocrx_word' id='word_1_270' title='bbox 638 2655 743 2708; x_wconf 85' lang='lat' dir='ltr'>manete,</span> <span class='ocrx_word' id='word_1_271' title='bbox 765 2648 865 2697; x_wconf 87' lang='lat' dir='ltr'>edentes</span> <span class='ocrx_word' id='word_1_272' title='bbox 888 2656 913 2697; x_wconf 88' lang='lat' dir='ltr'>et</span> <span class='ocrx_word' id='word_1_273' title='bbox 932 2650 970 2697; x_wconf 91' lang='lat' dir='ltr'>bi·</span> 
     </span>
     <span class='ocr_line' id='line_1_35' title="bbox 83 2712 971 2776; baseline 0.002 -16"><span class='ocrx_word' id='word_1_274' title='bbox 83 2713 381 2763; x_wconf 80' lang='lat' dir='ltr'>anasestmecumsolus.</span> <span class='ocrx_word' id='word_1_275' title='bbox 397 2714 510 2763; x_wconf 88' lang='lat' dir='ltr'>Marcum</span> <span class='ocrx_word' id='word_1_276' title='bbox 542 2713 628 2761; x_wconf 88' lang='lat' dir='ltr'>bentes</span> <span class='ocrx_word' id='word_1_277' title='bbox 650 2728 706 2776; x_wconf 89' lang='lat' dir='ltr'>quae</span> <span class='ocrx_word' id='word_1_278' title='bbox 727 2712 795 2776; x_wconf 85' lang='lat' dir='ltr'>apud</span> <span class='ocrx_word' id='word_1_279' title='bbox 816 2713 872 2761; x_wconf 90' lang='lat' dir='ltr'>illos</span> <span class='ocrx_word' id='word_1_280' title='bbox 898 2721 971 2762; x_wconf 85' lang='lat' dir='ltr'>sunt:</span> 
     </span>
     <span class='ocr_line' id='line_1_36' title="bbox 83 2777 970 2840; baseline 0.001 -16"><span class='ocrx_word' id='word_1_281' title='bbox 83 2793 186 2835; x_wconf 86' lang='lat' dir='ltr'>assume,</span> <span class='ocrx_word' id='word_1_282' title='bbox 207 2786 231 2827; x_wconf 91' lang='lat' dir='ltr'>et</span> <span class='ocrx_word' id='word_1_283' title='bbox 253 2779 334 2827; x_wconf 91' lang='lat' dir='ltr'>adduc</span> <span class='ocrx_word' id='word_1_284' title='bbox 354 2785 450 2827; x_wconf 88' lang='lat' dir='ltr'>tecum:</span> <span class='ocrx_word' id='word_1_285' title='bbox 474 2786 510 2826; x_wconf 90' lang='lat' dir='ltr'>est</span> <span class='ocrx_word' id='word_1_286' title='bbox 542 2777 631 2839; x_wconf 86' lang='lat' dir='ltr'>dignus</span> <span class='ocrx_word' id='word_1_287' title='bbox 642 2785 679 2825; x_wconf 89' lang='lat' dir='ltr'>est</span> <span class='ocrx_word' id='word_1_288' title='bbox 690 2777 757 2825; x_wconf 88' lang='lat' dir='ltr'>enim</span> <span class='ocrx_word' id='word_1_289' title='bbox 770 2777 895 2840; x_wconf 87' lang='lat' dir='ltr'>operarius</span> <span class='ocrx_word' id='word_1_290' title='bbox 906 2793 970 2825; x_wconf 85' lang='lat' dir='ltr'>mer·</span> 
     </span>
     <span class='ocr_line' id='line_1_37' title="bbox 83 2841 663 2891; baseline 0.002 -4"><span class='ocrx_word' id='word_1_291' title='bbox 83 2842 149 2889; x_wconf 88' lang='lat' dir='ltr'>enim</span> <span class='ocrx_word' id='word_1_292' title='bbox 159 2841 221 2890; x_wconf 90' lang='lat' dir='ltr'>mihi</span> <span class='ocrx_word' id='word_1_293' title='bbox 229 2843 295 2891; x_wconf 88' lang='lat' dir='ltr'>utilis</span> <span class='ocrx_word' id='word_1_294' title='bbox 304 2843 329 2890; x_wconf 90' lang='lat' dir='ltr'>in</span> <span class='ocrx_word' id='word_1_295' title='bbox 337 2843 506 2891; x_wconf 89' lang='lat' dir='ltr'>ministerium.</span> <span class='ocrx_word' id='word_1_296' title='bbox 543 2841 603 2890; x_wconf 90' lang='lat' dir='ltr'>cede</span> <span class='ocrx_word' id='word_1_297' title='bbox 613 2856 663 2889; x_wconf 86' lang='lat' dir='ltr'>sua.</span> 
     </span>
     <span class='ocr_line' id='line_1_38' title="bbox 83 2905 505 2971; baseline 0.005 -19"><span class='ocrx_word' id='word_1_298' title='bbox 83 2905 505 2971; x_wconf 83' lang='lat' dir='ltr'>TychicumautemmisiEphesum.</span> 
     </span>
    </p>
   </div>
   <div class='ocr_carea' id='block_1_9' title="bbox 144 3159 193 3222">
    <p class='ocr_par' dir='ltr' id='par_1_11' title="bbox 144 3159 193 3222">
     <span class='ocr_line' id='line_1_39' title="bbox 144 3159 193 3222; baseline 0.02 -14"><span class='ocrx_word' id='word_1_299' title='bbox 144 3159 193 3222; x_wconf 80' lang='lat'>136</span> 
     </span>
    </p>
   </div>
   <div class='ocr_carea' id='block_1_10' title="bbox 0 0 1052 3450">
    <p class='ocr_par' dir='ltr' id='par_1_12' title="bbox 0 0 1052 3450">
     <span class='ocr_line' id='line_1_40' title="bbox 0 0 1052 3450; baseline 0 0"><span class='ocrx_word' id='word_1_300' title='bbox 0 0 1052 3450; x_wconf 95' lang='lat' dir='ltr'> </span> 
     </span>
    </p>
   </div>
  </div>
 </body>
</html>
