2092 3450
420 190 603 258 detrahamus.

76 319 125 383 ipsi
145 317 252 368 fideliter
267 319 372 368 serviam
392 319 506 367 omnibus
537 318 564 367 in
584 317 660 377 coelis,
684 316 856 367 Sanctificetur
874 333 966 367 nomen

76 383 166 434 diebus
175 383 234 432 vitae
244 398 314 432 meae.
538 391 615 433 tuum
635 381 761 430 Adveniet
772 389 962 445 regnumtuum.

103 447 153 508 Qu.
183 447 318 510 Quodnam
339 453 377 496 est
398 446 507 496 officium
538 447 771 506 Fiatvoluntastua,
780 446 962 506 Sicutincoelo,

76 520 148 561 tuum
158 527 218 576 erga
228 512 388 575 proximum?
537 512 610 561 etin
631 518 702 561 terra
739 511 834 559 Panem
854 518 965 559 nostrum

81 571 180 636 ·Resp.
211 575 328 626 Officium
346 591 431 625 meum
449 591 508 639 erga
537 576 709 640 quotidianum
731 574 764 623 da
785 574 859 623 nobis
880 575 962 624 hodie.

76 640 220 704 proximum
248 647 284 689 est
305 647 333 690 ut
359 655 417 690 eum
444 641 507 689 sicut
537 640 571 689 Et
582 640 679 689 dimitte
690 639 762 687 nobis
773 639 858 688 debita
871 646 970 698 nostra,¹

77 704 202 769 meipsum
220 704 331 768 diligam,
350 711 375 754 et
392 719 507 769 quaecun·
539 705 607 753 Sicut
627 711 651 753 et
670 719 716 752 nos
732 703 880 752 dimittimus
896 704 965 753 debi-

77 784 127 834 que
143 769 219 818 velim
234 776 262 818 ut
277 768 369 818 iaciant
384 769 447 817 mihi
462 768 507 818 ho·
537 769 631 818 toribus
658 768 754 816 nostris.
799 768 833 816 Et
861 784 893 815 ne
920 784 966 817 nos

78 833 167 893 mines,
195 840 220 882 et
246 833 300 898 ipse
326 833 415 882 faciam
442 833 507 894 illis3
538 833 640 882 inducas
661 832 688 880 in
710 832 891 892 tentationem
915 832 965 882 Sed

79 904 178 962 patrem
205 903 231 946 et
256 903 362 946 matrem
393 897 503 960 diligam,
538 898 615 946 libera
626 896 782 946 nosamalo.
814 897 904 946 Amen.

79 962 217 1021 observem,
229 961 359 1027 adjuvem3
370 961 474 1025 Reginae
483 971 507 1010 et
559 965 607 1027 Qu,
639 960 707 1023 Quid
715 961 779 1026 petis
788 977 803 1010 a
812 961 869 1010 Deo
879 961 906 1009 in
917 960 964 1009 hac

78 1025 196 1075 omuibus
212 1026 259 1074 sub
275 1040 305 1074 ea
319 1025 346 1074 in
362 1026 507 1075 auctoritate
537 1026 668 1075 oratione?

79 1090 220 1139 constitutis
252 1090 321 1139 omni
350 1090 507 1139 observantia
560 1086 636 1152 Resp.
661 1090 723 1138 Peto
731 1097 759 1139 ut
767 1089 888 1139 Dominus
897 1090 965 1138 Deus

78 1154 206 1204 obediam:
216 1154 505 1218 omnibusgubematon'·
537 1170 614 1213 meus,
639 1154 713 1202 Pater
736 1161 820 1202 noster
848 1154 961 1212 coelestis,

76 1220 132 1279 bus,
147 1219 349 1283 praeceptoribus,
367 1219 507 1282 pastoribus
537 1220 647 1267 omnium
654 1219 776 1267 bonorum
783 1219 863 1278 dator,
872 1227 896 1267 et
903 1219 963 1266 mihi

78 1282 254 1347 spiritualibus,
275 1290 300 1332 et
321 1283 444 1346 magistris
465 1299 506 1331 me
536 1291 561 1331 et
572 1283 687 1331 omnibus
701 1283 843 1331 hominibus
859 1283 964 1345 gratiam

78 1347 223 1410 subjiciam
246 1362 305 1410 erga
326 1360 413 1397 omnes
434 1362 505 1410 supe·
536 1362 606 1396 suam
622 1346 743 1406 infundat,
762 1362 819 1411 qua,
838 1347 902 1397 sicut
917 1362 975 1396 nos·

77 1412 154 1460 riores
170 1412 283 1460 modeste
294 1419 319 1460 et
329 1412 456 1461 humiliter
465 1427 506 1460 me
536 1418 642 1475 oportet,
661 1427 719 1459 eum
734 1411 874 1470 adoremus,
892 1414 964 1476 eique

76 1476 506 1539 geram;ueminemverboautfacto
536 1476 669 1524 serviamus
692 1482 716 1524 et
738 1476 890 1524 obediamus.
930 1477 964 1524 Et

77 1540 187 1600 laedam;
213 1540 240 1588 in
264 1540 380 1589 omnibus
400 1541 506 1602 negotiis
537 1540 964 1604 precorDeumutomniaconcedat

74 1605 170 1669 justum
183 1611 207 1653 et
219 1603 318 1653 fidelem
326 1620 366 1653 me
377 1613 506 1668 praestem3
537 1613 587 1652 tam
612 1604 701 1652 aniruis
723 1619 799 1668 quam
820 1605 964 1668 corporibus

77 1669 140 1717 nihil
168 1669 227 1728 odii,
255 1668 320 1717 nihil
345 1669 454 1729 malitiae,
480 1669 507 1716 in
536 1668 626 1717 nostris
652 1669 808 1728 necessaria3
837 1677 865 1717 ut
891 1669 964 1717 nobis

77 1733 153 1782 corde
171 1748 273 1796 geram;
292 1748 379 1782 manus
398 1749 414 1781 a
431 1732 503 1793 furto,
537 1733 687 1792 misereatur,
710 1740 735 1781 et
757 1740 860 1796 peccata
880 1742 964 1781 nostra

77 1797 190 1861 linguam
206 1813 222 1845 a
237 1797 421 1855 maledicentia,¹
438 1812 506 1846 men·
537 1798 660 1856 dimittat3
676 1805 704 1845 ut
720 1797 784 1845 inter
800 1800 886 1846 omnia
901 1799 964 1860 peri·

77 1862 159 1921 dacio,
173 1868 197 1910 et
209 1861 333 1910 calumnia
349 1861 505 1920 contineam
537 1861 593 1910 cula
601 1861 738 1925 corporalia
744 1869 769 1910 et
777 1861 965 1925 spiritualianos

78 1941 169 1990 corpus
187 1941 271 1974 meum
289 1925 316 1973 in
333 1926 503 1989 temperantia,
538 1941 634 1975 servare
650 1933 675 1975 et
691 1925 823 1974 defendere
835 1926 965 1988 dignetur:

77 1990 220 2049 sobrietate,
246 1997 271 2038 et
292 1989 404 2038 castitate
426 1997 506 2039 custo·
538 1997 565 2039 ut
586 1990 620 2039 ab
641 1989 711 2038 omni
737 1998 840 2053 peccato
863 1998 888 2039 et
909 2006 964 2053 pra·

78 2054 162 2114 diam3
179 2054 284 2103 aliorum
299 2054 367 2102 bona
382 2069 433 2102 non
449 2070 507 2103 con·
537 2055 621 2113 vitate,
641 2055 673 2103 ab
689 2054 791 2103 inimico
807 2054 936 2119 spirituali,
950 2071 966 2102 a

78 2118 205 2182 cupiscam
224 2133 271 2166 uec
289 2118 442 2177 desiderem
463 2119 506 2167 sed
538 2125 617 2167 morte
627 2126 753 2184 perpetua,
769 2134 816 2167 nos
832 2119 961 2167 custodiat.

78 2182 175 2231 discam
191 2188 216 2231 et
231 2182 299 2231 bona
316 2181 366 2231 fide
384 2183 504 2241 studeam,
539 2183 603 2245 Quae
613 2183 698 2231 omnia
711 2182 811 2232 confido
827 2183 909 2247 ipsum
920 2198 965 2247 pro

79 2246 144 2295 mihi
159 2246 288 2310 proprium
298 2246 391 2295 victum
407 2262 507 2310 compa·
538 2246 706 2296 misericordia
730 2246 782 2296 e'us
808 2255 832 2296 et
854 2247 966 2296 bonitate

79 2325 142 2369 rare,
165 2317 191 2359 et
209 2326 266 2360 meo
287 2310 369 2360 officio
390 2309 460 2373 iungi
481 2311 508 2359 in
536 2311 667 2371 iacturum,
681 2326 726 2375 per
740 2263 827 2376 lesum
839 2311 966 2360 Christum
985 2310 988 2317 '

80 2375 180 2424 eovitae
191 2375 380 2439 statuinquem
389 2374 458 2424 Deus
468 2391 508 2424 me
539 2376 676 2424 Dominum
704 2383 833 2437 nostrum;
861 2377 967 2441 ideoque

79 2454 170 2488 vocare
181 2438 296 2503 dignatus
307 2446 350 2487 est.
538 2440 603 2501 dico,
617 2441 708 2500 Amen,
723 2440 824 2489 Itafiat

104 2500 253 2552 Catechista.
286 2504 363 2563 Scias,
382 2503 418 2551 mi
437 2518 505 2567 puer,
563 2506 611 2567 Qu.
634 2505 703 2567 Quot
712 2504 874 2554 Sacramenta
884 2504 910 2552 in
919 2504 966 2552 Ec·

80 2575 106 2617 te
123 2582 177 2616 non
198 2581 271 2632 posse
291 2568 345 2616 haec
364 2567 390 2616 vi
408 2568 509 2631 propria
539 2567 613 2617 clesia
623 2585 668 2618 sua
679 2568 791 2617 Christus
803 2569 930 2617 instituit?

79 2632 168 2690 iacere,
192 2646 240 2681 nec
261 2632 287 2680 in
309 2632 359 2680 Dei
385 2632 509 2680 mandatis
564 2633 639 2698 Resp.
668 2633 727 2682 Duo
744 2640 841 2681 tantum
851 2632 919 2681 velut
934 2633 967 2680 ad

79 2695 216 2756 ambulare,
235 2710 281 2744 uec
299 2697 322 2746 ei
339 2696 437 2755 servire,
456 2696 509 2745 sine
539 2696 643 2745 salutem
654 2697 801 2760 generaliter
816 2696 968 2755 necessaria;

79 2760 183 2825 speciali
199 2759 251 2824 ejus
269 2759 355 2823 gratia,
374 2775 450 2824 quam
465 2776 507 2809 ne·
541 2761 702 2824 Baptismum,
722 2767 747 2809 et
762 2760 868 2809 Coenam
880 2760 966 2808 Domi-

80 2839 149 2874 cesse
167 2830 205 2873 est
224 2825 304 2874 discas
322 2824 435 2888 diligenti
454 2840 507 2873 ora-
540 2826 629 2874 nicam

80 2889 150 2939 tione
159 2904 258 2951 semper
266 2888 404 2953 impetrare.
424 2888 508 2938 Velim
562 2893 610 2952 Qu.
642 2889 709 2950 Quid
728 2888 846 2951 intelligis
864 2904 909 2952 per
924 2905 967 2938 vo·

81 2953 86 2964 “
107 2956 156 3002 'tur
170 2954 255 3002 audire
270 2961 353 3002 utrum
364 2953 509 3003 Orationem
541 2968 595 3002 cern
606 2952 679 3001 istam
690 2953 897 3002 Sacramentum?

124 3017 243 3066 minioarn
253 3017 355 3066 recitare
365 3017 451 3082 possis.
563 3020 638 3082 Resp.
670 3016 787 3081 Intelligo
808 3017 907 3082 signum
928 3033 968 3067 ex-

104 3074 181 3193 Rffipg·
212 3082 286 3131 Pater
307 3089 397 3142 noster,
418 3082 461 3147 qui
483 3098 508 3131 es
542 3089 639 3131 ternum
649 3088 674 3130 et
684 3081 781 3131 visibile
798 3083 883 3148 gratiae
894 3083 970 3131 inter·

149 3156 161 3192 1
184 3157 195 3195 1
