2092 3450
191 212 281 278 {irrita
292 214 317 268 iu
330 214 419 270 linum
432 210 622 279 Nuiiuantium.
647 249 649 253 r

432 340 549 404 quoniam
575 341 602 390 in
627 340 744 391 saeculum
766 343 858 393 miseri·

432 404 515 454 cordia
526 405 585 469 ejus.

55 466 400 531 tuspotentissimeclemen·
464 470 570 532 Magnus
587 469 718 529 Dominus,
732 478 757 520 et
773 471 857 520 lauda·

78 531 177 591 tissime,
189 532 290 597 optime,
301 533 400 582 misera·
430 533 488 583 bilis
514 534 609 594 nimis,
642 535 726 600 dicant
752 535 795 599 qui
821 551 857 584 re-

71 602 121 645 tuae
142 603 199 645 sunt
222 613 295 661 super
316 597 400 646 omnia
431 597 526 661 dempti
537 605 593 647 sunt
609 614 625 647 a
642 599 753 648 Domino
766 616 779 648 ‘z
795 614 857 663 quos

64 666 114 719 tna,
128 660 172 709 sed
188 661 312 725 praecipue
327 677 401 725 super
431 677 446 708 a
467 677 533 711 saevo
560 663 635 712 maris
661 663 743 712 furore
769 663 856 712 libera·

55 723 190 784 ivenerunt,
210 740 272 789 quos
288 733 339 774 tam
355 741 400 788 po·
429 726 473 775 vit.

61 794 86 836 et
100 789 243 839 mirabiliter
259 790 396 839 defendisti.
462 789 594 840 Miserator
610 797 634 840 et
649 791 786 841 misericors
803 791 855 841 Do·

55 851 95 900 bis
107 853 225 901 terribilia
236 860 260 902 et
276 854 399 903 mirabilia
429 854 527 903 minus:
547 854 694 919 longanimis
710 863 736 906 et
751 855 855 905 multum

55 915 131 964 fundo
142 918 278 978 ostendisti,
292 926 319 967 ut
330 919 397 967 vide·
429 918 571 968 misericors.

64 996 138 1055 quam
146 989 234 1045 potens
243 983 398 1046 clemensque
461 982 521 1032 Non
537 983 671 1033 secundum
681 991 784 1049 peccata
799 1000 854 1033 nos-

58 1059 98 1104 sis,
113 1059 187 1108 quam
203 1046 286 1095 valens
302 1046 397 1096 volens·
428 1051 466 1094 tra
482 1046 540 1096 iecit
557 1048 646 1098 nobis:
673 1064 753 1113 neque
769 1064 854 1098 secun-

62 1115 87 1157 te
95 1111 249 1172 sperantibus
257 1111 392 1160 subvenire.
428 1110 487 1159 dum
510 1111 651 1175 iniquitates
667 1121 763 1162 nostras
786 1114 853 1162 retri-

55 1173 109 1222 iisti
119 1175 199 1234 nobis,
209 1190 283 1238 quam
294 1184 396 1239 pareant
426 1175 480 1223 buit
491 1175 569 1225 nobis.

55 1243 88 1285 tto
99 1245 143 1286 tuo
154 1245 179 1286 et
190 1240 257 1288 venti
269 1247 293 1289 et
300 1241 395 1290 maria:
460 1238 584 1301 Quoniam
596 1241 730 1290 secundum
745 1240 853 1290 altitudi-

56 1317 98 1350 am
124 1302 156 1350 ab
183 1303 222 1352 his
249 1304 396 1355 disceremus
428 1318 486 1351 nem
495 1304 669 1354 coeliaterra:
687 1305 853 1354 corroboravit

55 1381 73 1414 tc
84 1369 139 1414 voci
151 1375 199 1416 tune
216 1368 393 1432 obtemperare,
426 1367 618 1417 misericordiam
637 1384 707 1418 suam
728 1385 802 1434 super
824 1370 853 1418 ti·

56 1437 122 1479 atem
133 1438 201 1479 tuam
217 1433 303 1482 iacere.
340 1434 396 1483 Nos
426 1439 521 1481 mentes
531 1447 565 1481 se.

63 1495 163 1544 Nomen
183 1503 252 1545 tuum
272 1498 394 1548 benedici·
459 1495 656 1546 Tribulationem
689 1504 714 1547 et
741 1496 852 1546 dolorem

55 1565 71 1606 et
95 1559 267 1623 glorificamus,
295 1571 397 1627 propter
426 1558 583 1610 invenimusc
600 1561 852 1626 appropinquavimus

55 1622 241 1673 misericordiam
257 1633 333 1686 tuam,
364 1643 397 1675 ua
425 1625 545 1687 usquead
557 1631 640 1690 portas
651 1627 744 1675 mortis.

55 1689 202 1751 mperituros
210 1688 316 1740 salvasti.
380 1707 395 1740 a
458 1689 538 1752 Aquae
557 1691 632 1739 man's
650 1690 752 1739 forsitan
768 1690 851 1740 absor-

55 1754 395 1814 quaesumus,misericordia1n
424 1751 535 1800 buissent
565 1769 628 1803 nos:
662 1754 764 1803 forsitan
796 1770 850 1819 per·

58 1832 109 1864 non
128 1818 208 1866 minus
223 1817 276 1881 jam
294 1820 391 1880 sentire,
424 1816 549 1865 transisset
565 1818 648 1866 anima
661 1826 745 1867 nostra
760 1834 850 1884 aquam

70 1888 143 1930 antea
169 1882 305 1946 periculum
337 1900 392 1933 nos·
423 1879 609 1930 intolerabilem.

79 1953 105 1994 et
126 1952 180 1995 toto
202 1948 282 1996 cordis
304 1949 392 1999 affectu
456 1945 533 1992 Dedit
550 1946 650 2009 abyssus
661 1962 747 1995 vocem
763 1962 850 1995 suam:

55 2016 112 2059 atos
128 2010 249 2071 exhibere,
269 2027 320 2061 non
339 2021 392 2062 tan-
424 2014 449 2056 et
479 2009 566 2072 spiritu
600 2010 716 2083 procellae
749 2011 849 2061 exaltati

55 2073 119 2132 ubis,
133 2075 176 2123 sed
188 2075 262 2124 etiam
273 2077 390 2138 moribus,
423 2079 479 2122 sunt
490 2072 577 2122 fluctus
588 2089 647 2137 ejus.

55 2137 90 2186 itis
117 2138 165 2188 tuis
192 2140 282 2190 sanctis
314 2143 393 2205 magis
456 2137 620 2187 Ascendimus
631 2154 708 2203 usque
719 2139 751 2188 ad
764 2139 848 2198 coelos,

56 2202 113 2251 ndo.
147 2202 174 2250 N
175 2219 189 2252 e
195 2219 317 2265 amoveas,
327 2221 393 2270 quae.
423 2208 460 2249 est
471 2201 641 2252 descendimus
648 2205 767 2268 usquead
779 2204 849 2267 abys·

55 2265 128 2317 ‚hanc
138 2274 206 2316 tuam
216 2268 394 2333 benignitatem
423 2279 485 2326 sos:
506 2266 589 2315 anima
615 2276 699 2317 nostra
726 2267 751 2315 in
778 2268 850 2316 malis

55 2329 90 2378 is:
116 2338 144 2380 ut
165 2347 210 2381 nos
231 2348 294 2397 quos
312 2335 393 2385 salvos
423 2329 570 2379 tabescebat·

83 2395 128 2443 tibi
160 2395 186 2444 in
213 2399 341 2447 sanctitate
368 2407 393 2449 et
456 2393 490 2442 Et
512 2393 671 2445 clamavimus
689 2396 720 2444 ad
741 2403 773 2455 te,
796 2396 848 2444 Do·

55 2495 59 2506 ,
102 2459 242 2521 serviamus,
277 2463 392 2513 omnibus
422 2456 507 2506 mine:
523 2465 548 2507 et
559 2459 782 2509 denecessitatibus
792 2475 848 2509 nos·

74 2523 131 2572 vitae
152 2530 248 2574 nostrae.
286 2526 334 2576 Per
351 2529 392 2592 Je.
423 2521 465 2569 tris
477 2522 580 2571 eduxisti
592 2539 643 2572 nos.

55 2585 162 2636 Chiistum
182 2588 318 2639 Dominum
334 2607 391 2642 nos.
455 2585 845 2647 BenedictumsitNomentuum,

55 2650 237 2703 tSaivatorem.
272 2657 361 2705 Amen,
422 2649 464 2712 qui
481 2651 685 2714 supplicationem
701 2651 847 2700 famulorum

422 2719 520 2762 tuomm
536 2730 586 2764 non
603 2715 788 2779 contempsisti:
804 2717 847 2765 sed

422 2777 621 2840 deprecationem
643 2787 753 2828 nostram
775 2795 846 2829 exau-

421 2841 511 2900 divisti,
526 2849 550 2890 et
561 2843 642 2891 salvos
653 2843 731 2892 fecisti
743 2859 795 2892 nos.
828 2868 830 2872 ·

453 2905 565 2955 Statuisti
572 2907 705 2969 procellam
714 2908 829 2956 inauram
840 2927 846 2957 :

420 2975 444 3017 et
454 2969 572 3019 siluerunt
583 2970 671 3021 fluctus
681 2971 741 3035 ejus

55 3027 150 3088 NITE,
164 3028 325 3080 confiteamur
336 3031 387 3081 Do·
451 3033 622 3084 Confiteantur
643 3036 752 3086 Domino
774 3037 845 3086 mise-

60 3092 136 3153 mino‚
155 3094 272 3159 quoniam
288 3095 387 3146 bonus:
417 3097 529 3149 ricordiae
561 3099 632 3163 ejus:
669 3109 696 3151 et
724 3100 854 3151 mirabilia

142 380 199 425 Sive
212 398 217 439 ;

55 2813 80 2844 us
102 2798 181 2846 laudis
205 2810 228 2848 ct
251 2802 383 2863 gratiarum

55 2864 98 2911 ›nis
132 2872 188 2925 post
216 2867 379 2928 periculosam

55 2939 174 2977 testatem.
