2092 3450
327 180 400 235 otuu
417 180 632 237 bunfltnatiunis.

34 326 135 375 Omnes
152 334 237 377 atitem
256 329 350 388 Patres,
365 332 468 391 Matres,
484 333 555 392 Heri,
571 340 595 380 et
608 333 692 391 Herae,
707 340 819 381 auctores
831 334 880 381 siut
896 344 921 381 ut

68 394 151 454 pueri,
171 393 267 454 famuli,
282 402 306 443 et
321 396 437 460 discipuli
454 399 492 445 sui
511 399 564 461 (qui
581 399 766 446 Catechismum
785 414 835 445 non
852 400 921 446 addi-

69 457 204 519 dicerunt),
229 459 262 506 ad
286 460 422 509 Ecclesiam
443 469 555 526 tempore
575 464 710 512 constituto
733 464 841 520 veniant,
867 464 921 511 ‹lili-

68 530 158 584 genter
174 524 322 581 auscultent,
342 534 366 574 et
384 543 399 574 a
416 528 529 576 Parocho
546 529 721 591 gubernentur,
740 530 821 577 donce
838 530 922 576 omina

69 587 236 657 addidicerint
249 605 304 654 quae
316 591 356 640 hic
368 592 403 640 eis
415 593 566 641 addiscenda
576 606 755 657 proponuntur.

36 676 102 723 Cum
123 677 233 740 primum
253 681 323 742 pueri
343 681 375 729 ad
396 688 494 730 aetatem
515 684 703 731 convenientem
723 685 877 742 accesserint,
898 693 919 730 et

72 743 229 804 Symbolum,
254 745 401 794 Orationem
422 747 589 806 Dominicam,
613 757 637 796 et
658 749 813 811 Decalogum
837 749 921 811 lingua

70 815 184 855 materna
195 811 339 858 memoriter
351 812 461 870 recitare,
473 821 497 860 et
509 813 610 876 insuper
622 814 716 861 cacteris
727 814 830 876 hujusce
841 814 923 861 brevis

71 872 225 922 Catechismi
242 876 421 938 (ptaestionibus
438 879 588 941 respondere
604 879 708 940 possint,
723 880 754 927 ad
769 879 920 942 Episcopum

70 937 234 987 adducantur.
272 941 304 988 Et
317 942 450 1006 unicuique
461 943 526 991 adsit
538 944 652 991 Patrinus
664 944 703 991 vel
717 944 833 1001 blattina,
852 947 920 1006 quasi

69 1002 140 1050 testis
152 1003 354 1054 continuationis

37 1087 70 1137 Et
82 1093 279 1158 quotiescunque
298 1096 438 1160 Episcopus
455 1097 575 1146 indicium
592 1098 688 1146 dederit
706 1099 737 1146 rie
755 1099 836 1160 pueris
849 1099 880 1146 ari
896 1116 922 1146 se

69 1158 225 1206 adducendis
248 1160 280 1207 ad
303 1161 487 1221 confirmentur,
513 1164 617 1226 quisque
644 1164 769 1211 Parocluts
797 1171 839 1211 aut
868 1165 921 1226 ipse

68 1223 164 1281 afferat,
191 1231 233 1272 aut
256 1228 348 1289 scripta
370 1235 394 1275 et
417 1243 493 1275 manu
516 1244 560 1275 sua
584 1228 681 1275 firmata
709 1229 791 1276 mittat
820 1231 921 1277 nomina

68 1288 183 1336 omnium
203 1288 229 1336 in
249 1306 293 1338 sua
312 1292 430 1353 parochia
450 1293 624 1350 habitantium,
648 1309 710 1356 quos
733 1294 835 1342 idoneos
856 1295 921 1356 judi-

68 1355 163 1400 caverit
181 1355 224 1417 qui
241 1355 273 1402 ad
295 1356 447 1419 Episcopum
468 1358 632 1406 confirmandi
652 1360 813 1408 adducantur.
851 1365 921 1420 (puos

68 1417 220 1482 Episcopus,
234 1420 255 1467 si
266 1422 450 1485 approbaverit,
464 1424 541 1472 modo
553 1424 665 1487 sequenti
677 1424 813 1472 consumet.

263 1687 362 1764 diuo
392 1688 698 1775 buuffcmatbuis,

41 1895 130 1947 SIVE
156 1893 408 1946 IMPOSITIONIS
435 1893 602 1945 MANUUM
626 1893 745 1944 SUPER
770 1892 933 1942 BAPTIZA·

91 1971 163 2024 TOS
189 1971 257 2035 QUI
282 1971 335 2020 AD
361 1970 524 2021 AETATEM
551 1969 849 2020 INTELLIGENTIAE
875 1970 934 2019 Ac·

92 2047 318 2100 CESSERUNT.

32 2137 85 2187 Die
98 2140 243 2200 constituto,
258 2145 373 2192 omnibus
385 2152 444 2193 tunc
456 2147 632 2198 confirmandis
644 2166 727 2198 coram
741 2150 867 2214 Episcopo
880 2170 923 2215 per

66 2205 185 2253 ordinem
202 2207 329 2270 dispositis
346 2218 370 2258 et
387 2212 517 2271 stantibus,
537 2214 590 2277 ipse
609 2220 661 2273 (aut
678 2215 741 2262 alius
759 2216 873 2264 Minister
891 2219 923 2265 ab

66 2286 100 2318 eo
112 2270 267 2335 designatus)
279 2272 343 2322 hanc
355 2284 499 2339 sequentem
512 2279 578 2342 legat
591 2280 772 2333 Praesatiotrem.

116 2396 169 2448 UO
189 2395 352 2448 Confirmatio
370 2396 403 2446 ad
422 2412 473 2446 ma·
507 2396 591 2446 venit:
608 2402 729 2461 quatenus
744 2398 823 2461 pueri,
838 2395 892 2459 jam
903 2396 935 2444 ad

146 2461 228 2526 jerem
249 2461 474 2511 confirmandorum
507 2468 606 2510 aetatem
624 2460 796 2524 intelligentiae
814 2461 932 2525 provecti,

148 2525 339 2576 aedificationem
351 2526 474 2575 ministre·
507 2532 532 2574 et
551 2525 583 2574 de
602 2525 777 2590 sponsionibus
796 2539 842 2589 pro
864 2525 935 2572 sein

39 2602 89 2652 tnr,
100 2590 197 2656 placuit
204 2590 322 2640 Ecclesiae
328 2592 470 2656 praecipere,
508 2590 636 2654 Baptismo
653 2605 698 2666 per
714 2588 829 2639 Patrinos
840 2594 865 2663 et
880 2588 935 2636 Ma·

39 2653 474 2721 neqniaposthacconfinnetnr,nisi
507 2654 584 2704 trinas
605 2653 676 2704 iactis
698 2654 757 2703 satis
780 2652 869 2712 edocti,
894 2667 935 2700 eas

40 2720 86 2785 qni
98 2719 255 2784 Symbolum,
266 2719 411 2770 Orationem
422 2719 475 2769 Do·
506 2719 515 2767 i
534 2719 555 2769 si
573 2734 619 2768 suo
635 2734 678 2768 ore
695 2725 719 2767 et
736 2731 836 2766 assensu
852 2731 935 2765 coram

40 2784 171 2844 minicam,
192 2790 219 2833 et
244 2783 400 2848 Decalogum
422 2799 474 2833 me·
508 2734 620 2832 Ecclesia
630 2783 714 2848 palam
723 2780 833 2856 sanciant
844 2787 934 2828 etcon-

41 2848 262 2908 moriterrecitare,
270 2849 392 2898 etcaeteris
399 2848 472 2897 etiam
507 2847 622 2907 firment;
638 2861 736 2896 necnon
752 2851 897 2909 promittant
908 2859 935 2894 se

42 2913 229 2978 paeonibus,
236 2928 292 2977 quae
298 2913 397 2962 inbrevi
401 2913 473 2962 Cate·
507 2912 557 2962 Dei
567 2911 647 2976 gratia
657 2911 693 2960 eis
701 2907 861 2959 observandis
871 2923 934 2984 sem-

42 2978 140 3027 chismo
151 2977 315 3037 continentur,
325 2978 474 3042 respondere
506 2992 551 3040 per
577 2990 680 3039 operam
707 2974 815 3032 daturos,
845 2973 935 3038 quibus

43 3042 129 3106 possit.
166 3041 243 3105 Quod
254 3042 355 3107 quidem
364 3057 473 3106 praecep·
506 3039 607 3105 propria
617 3039 780 3088 affirmatione
788 3052 935 3088 eonsensum

44 3115 97 3156 tnm
124 3105 251 3156 observari
279 3106 386 3156 maxime
416 3121 474 3156 con·
506 3103 662 3169 praebuerint.

112 3170 159 3220 182
