2092 3450
67 161 130 210 Dies
141 163 175 210 X·
455 168 566 233 limini.
828 179 943 227 miltzi.

97 319 276 370 Verumtamen
297 319 367 370 Deus
387 320 492 372 redimet
557 319 634 379 Audi,
654 317 761 384 populus
776 334 854 379 meus,
873 325 899 369 et
914 319 950 368 lo·

63 384 175 434 animam
186 399 268 434 meam
277 384 311 436 de
319 400 394 435 mauu
404 385 493 436 inseri:
524 397 586 458 quar
598 402 607 444 ;
631 383 715 444 lsrael,
749 391 775 434 et
801 383 952 433 testificabor

64 449 312 514 cumacceperitme
524 449 586 498 tibi:
617 447 694 508 Deus,
724 449 793 498 Deus
820 456 877 498 tuus
904 463 950 512 ego

96 513 492 566 Netimueriscumdioesfactus
522 528 585 562 sum.

63 577 137 626 suerit
153 577 248 628 bomo:
265 586 356 629 etcum
372 574 491 645 multipli-
555 577 615 626 Non
641 577 668 626 in
690 575 815 627 sacrificiis
842 576 890 626 tuis
912 590 949 625 ar·

63 641 203 692 catasuerit
212 641 292 707 gloria
302 643 390 693 domus
401 644 460 708 ejus.
521 656 596 704 guam
618 649 662 691 te:
696 641 840 691 holocausta
867 648 949 691 autem

96 706 490 770 Quoniamcuminterierit‚non
521 714 564 754 tua
590 706 616 755 in
643 714 776 771 conspectu
809 721 866 755 meo
893 713 949 754 sunt

62 779 143 821 sumet
154 771 238 821 omnia
249 789 256 821 ε
266 787 348 837 neque
357 772 491 823 descendet
520 784 572 819 sem
592 787 624 820 er.

63 836 251 900 eomeogloria
261 835 320 900 ejus
580 850 613 883 on
630 835 750 900 accipiam
766 835 798 885 de
814 835 890 884 domo
906 842 949 884 tua

95 898 163 962 Quia
178 901 262 950 anima
278 900 330 964 ejus
341 900 367 950 in
384 903 435 951 vita
452 903 488 968 ip·
519 899 610 948 vitulos
622 917 628 949 :
639 915 719 965 neque
731 900 763 949 de
773 900 889 964 gregibus
900 899 948 948 tuis

62 963 110 1012 sius
131 964 308 1014 benedicetur:
334 967 490 1017 confitebitur
519 962 607 1012 hircos·

63 1028 177 1078 tibieum
189 1029 337 1079 benefeceris
348 1030 377 1080 ei.
552 1027 678 1090 Quoniam
700 1043 762 1077 meae
783 1034 840 1077 sunt
862 1042 948 1077 omnes

94 1093 213 1143 Introibit
228 1094 344 1159 usquein
360 1097 488 1160 progenies
519 1091 577 1141 ierae
583 1092 700 1141 silvarum
712 1092 868 1156 :jumentam
877 1107 946 1142 mon·

62 1165 160 1220 patrum
181 1173 299 1208 suorum:
324 1167 349 1208 et
368 1162 489 1226 usquein
521 1157 587 1205 tibus
598 1165 623 1206 et
635 1157 717 1206 boves.

61 1228 180 1271 aeternnm
190 1237 241 1273 non
251 1223 344 1272 videbit
355 1224 446 1275 lumen.
553 1221 666 1284 Cognovi
707 1221 792 1269 omnia
835 1221 946 1270 volatilia

93 1286 189 1346 Homo,
203 1303 259 1336 cum
271 1288 296 1336 in
308 1288 402 1339 honore
413 1297 485 1351 esset,
519 1286 595 1334 coeli:
612 1293 636 1334 et
652 1285 810 1350 pulchritudo
827 1286 879 1348 agri
895 1301 946 1334 me·

61 1365 111 1399 non
126 1351 264 1402 intellexit:
281 1363 435 1418 comparatus
452 1363 488 1404 est
519 1365 576 1398 cum
587 1356 630 1399 est·

57 1413 175 1476 jumentis
183 1415 363 1480 insipientibus,
371 1427 395 1468 et
402 1419 488 1469 similis
553 1415 581 1463 Si
593 1414 707 1473 esuriero,
721 1429 771 1463 1¹0¹¹
788 1413 869 1463 dicam
881 1414 946 1463 tibh

58 1477 138 1528 tactos
148 1486 185 1530 est
196 1479 251 1530 illia
518 1492 588 1527 meus
605 1485 641 1527 est
657 1479 724 1527 enim
740 1478 807 1529 orbis
824 1486 901 1537 terrae,
921 1486 945 1527 et

517 1543 646 1606 plenitudo
657 1542 716 1606 ejus.

106 1637 176 1686 Dros
190 1638 220 1685 X.
258 1636 468 1733 difflatutiuus.
518 1606 944 1735 tagfflupidaffiagadxgcuaffissarffiff

184 1754 313 1806 Psmws
330 1756 359 1807 L
518 1751 602 1784 corum
613 1736 726 1800 potabo?

551 1800 657 1849 lmmola
669 1802 725 1849 Deo
735 1799 881 1849 sacrificinm
892 1799 943 1850 lau·

117 1854 187 1905 EUS
200 1855 302 1907 deorum
315 1857 438 1909 Dominus
449 1860 486 1910 lo·
517 1865 577 1914 dis:
593 1873 618 1914 et
639 1865 715 1914 redde
737 1865 867 1914 Altissimo
886 1873 945 1913 vota

148 1927 219 1970 cutus
230 1928 320 1972 est2et
330 1925 428 1973 vocavit
439 1932 486 1975 ter-
516 1935 566 1978 tua

59 1997 120 2042 mm:
167 2049 173 2060 .
550 1993 583 2042 Et
600 1993 687 2042 invoca
697 1992 828 2043 meindie
843 1993 943 2043 tribula·

91 2048 116 2096 A
127 2048 187 2098 solis
198 2057 252 2100 ortu
269 2066 347 2118 osque
364 2055 397 2105 ad
415 2070 484 2104 occa·
516 2057 591 2106 tionis
603 2076 609 2106 :
621 2065 748 2116 eruamte,
762 2065 786 2107 et
798 2057 943 2107 honorifica·

57 2127 114 2185 sum
125 2129 132 2161 ι
143 2127 174 2162 ex
196 2114 258 2165 Sion
276 2119 371 2182 species
389 2121 485 2170 decoris
517 2121 556 2170 bis
567 2138 614 2171 me.

57 2190 118 2239 ejus.
227 2243 232 2255 ·
550 2186 675 2236 Peccatori
691 2194 774 2235 autem
784 2186 846 2235 dixit
864 2187 940 2246 Deus,

91 2240 484 2299 Deusmansfesteveniet:Deus
518 2249 601 2312 Quare
639 2258 666 2299 tu
704 2267 801 2300 enarras
836 2251 943 2314 justitias

56 2312 148 2365 noster,
161 2315 188 2357 et
197 2323 248 2357 non
259 2311 347 2362 silebit.
516 2330 585 2364 meas
597 2333 604 2364 :
620 2324 644 2364 et
656 2316 759 2365 assumis
769 2323 943 2366 testamentum

89 2368 159 2433 Ignis
178 2372 204 2421 in
223 2385 355 2440 conspectu
373 2377 426 2441 ejus
443 2394 483 2427 ex·
516 2394 598 2428 meum
611 2396 655 2444 per
665 2396 693 2429 os
705 2382 792 2429 tuum?

56 2434 186 2485 ardescet:
213 2445 237 2487 et
256 2438 282 2488 in
304 2442 407 2492 circuitu
432 2443 484 2506 ejus
549 2445 588 2492 Tu
605 2460 663 2493 vero
680 2445 753 2494 odisti
770 2443 942 2509 disciplinam:

56 2505 191 2562 tempestus
200 2501 289 2554 valida
516 2515 542 2556 et
553 2509 679 2572 projecisti
690 2524 815 2558 sermones
826 2524 894 2558 meos
906 2525 941 2558 re·

88 2563 231 2615 Advocabit
241 2569 331 2619 coelum
340 2571 466 2620 desursum
477 2589 484 2621 ε
515 2579 626 2622 trorsum.

56 2634 80 2676 et
97 2634 195 2691 terram,
209 2631 346 2684 discernere
361 2637 483 2700 populum
548 2637 576 2687 Si
598 2637 699 2687 videbas
721 2637 807 2695 iurem,
828 2637 942 2687 currebas

55 2706 133 2741 suum
514 2716 571 2749 cum
583 2718 629 2751 co:
646 2711 736 2751 etcum
752 2700 869 2750 adulteris
884 2716 941 2766 por-

89 2755 243 2831 ¹Congregate
253 2761 290 2810 illi
300 2771 398 2814 sanctos
413 2764 479 2828 ejus:
514 2767 605 2815 tionem
618 2775 684 2816 tuam
696 2765 813 2829 ponebas

54 2834 97 2883 qur
113 2823 229 2873 ordinant
239 2832 412 2878 testamentum
429 2830 481 2894 ejus
547 2831 583 2878 Os
595 2838 664 2878 tuum
676 2829 810 2878 abundavit
826 2827 936 2879 malitia:

54 2898 82 2933 su
115 2887 264 2940 rsacrificia.
512 2901 536 2943 et
558 2895 642 2958 lingua
658 2903 701 2943 tua
716 2894 879 2942 concinnabat
895 2895 939 2945 do·

136 2954 317 3004 annuntiabunt
336 2956 392 3006 coeli
410 2956 480 3020 justi·
511 2958 556 3007 los

53 3012 190 3079 tiamejus:
204 3019 321 3084 quoniam
331 3020 479 3086 Densjudex
544 3023 639 3072 Sedens
682 3022 798 3072 adversus
839 3022 938 3073 tratrem

52 3085 97 3128 est.
511 3095 581 3137 tuum
602 3087 758 3152 loquebaris:
776 3095 800 3137 et
822 3087 941 3137 adrersss

117 3155 165 3208 247
