2040 3458
305 130 377 191 seua
393 129 480 188 untia
496 131 551 187 unte
567 129 679 197 Daseia.

59 291 179 342 Summus
195 298 280 341 autem
296 292 410 342 sacerdos
426 292 489 342 scin-
522 308 603 357 neque
624 294 683 342 novi
704 293 765 358 quid
792 294 866 344 dicas.
914 295 948 344 Et

58 356 120 406 dens
130 357 282 406 vestimenta
292 372 344 416 sua,
355 360 404 406 ait:
421 357 490 419 Quid
523 359 582 407 exiit
591 358 655 407 foras
663 366 720 408 ante
727 359 825 418 atrium,
837 368 861 408 et
869 359 949 422 gallus

57 421 142 470 adhuc
149 421 319 471 desideramus
329 423 420 470 testes?
436 423 489 470 Au·
524 423 638 472 cantavit.
676 424 770 472 Rursus
789 431 872 472 autem
892 439 948 472 cum

57 485 129 534 distis
137 485 335 550 blasphemiam:
350 486 411 550 quid
419 486 490 535 vobis
522 487 623 536 vidisset
650 486 720 536 illum
747 488 845 547 ancilla,
873 488 950 551 coepit

58 549 176 599 videtur?
209 549 260 612 Qui
276 565 362 599 omnes
374 551 489 599 condem·
523 551 606 600 dicere
628 552 853 601 circumstantibus:
883 552 950 614 Quia

58 620 180 663 naverunt
189 629 247 663 eum
255 630 308 663 esse
316 631 385 663 reum
393 615 486 664 mortis.
523 615 565 664 hic
576 631 606 663 ex
616 616 666 665 illis
677 623 720 665 est.
756 618 793 665 At
807 617 850 665 ille
860 616 950 665 iterum

59 678 94 727 Et
104 685 234 742 coeperunt
245 679 347 742 quidam
356 695 491 743 conspuere
523 680 629 743 negavit.
682 681 716 729 Et
745 688 802 744 post
832 681 950 744 pusillum

59 757 125 803 eum,
146 749 171 792 et
187 742 271 792 velare
286 743 375 791 faciem
391 743 451 806 ejus,
466 751 491 792 et
524 760 606 792 rursus
628 744 671 808 qui
690 745 811 805 astabant,
834 746 950 794 dicebant

58 807 114 856 cola
132 807 172 856 his
187 822 245 856 eum
258 808 359 866 caedere,
374 815 398 857 et
409 809 491 856 dicere
524 809 613 857 Petro:
633 809 699 858 Vere
717 825 748 858 ex
764 809 813 858 illis
833 825 872 859 es:
891 825 950 858 nam

59 872 91 930 ei,
127 871 269 936 rophetiza:
286 879 311 921 et
324 872 428 920 ministri
439 873 489 920 ala·
524 879 548 920 et
571 872 688 921 Galilaeus
713 889 745 922 es.
793 873 840 922 Ille
867 881 950 922 autem

59 936 99 1000 pis
120 951 179 985 eum
202 936 337 985 caedebant.
377 937 411 986 Et
433 952 490 986 cum
523 938 599 1000 coepit
607 938 812 986 anathematizare
821 945 846 986 et
854 937 949 1000 J'urare:

59 1006 123 1049 esset
138 1000 227 1049 Petrus
243 1001 269 1049 in
285 1001 348 1049 atrio
364 1001 487 1060 deorsum,
524 1001 590 1063 Quia
611 1002 695 1051 nescio
716 1002 842 1051 hominem
864 1003 946 1060 istum,

58 1065 127 1113 venit
149 1079 202 1113 una
224 1079 254 1113 ex
277 1065 372 1113 ancillis
399 1066 490 1114 summi
522 1081 597 1129 quem
608 1065 696 1115 dicitis.
733 1067 766 1114 Et
778 1067 861 1115 statim
871 1066 950 1129 gallus

59 1128 208 1178 sacerdotis:
226 1136 251 1177 et
264 1145 321 1177 cum
331 1130 432 1178 vidisset
444 1131 489 1178 Pe·
522 1133 610 1178 iterum
622 1133 736 1180 cantavit.
768 1131 800 1179 Et
810 1132 951 1179 recordatus

60 1200 126 1242 trum
154 1193 339 1242 calefacientem
367 1209 400 1253 se,
425 1194 490 1257 aspi·
523 1201 560 1243 est
577 1195 663 1244 Petrus
679 1195 756 1254 verbi,
772 1195 840 1259 quod
856 1196 951 1243 dixerat

59 1257 127 1307 ciens
148 1257 229 1315 illum,
254 1257 303 1306 ait:
328 1258 362 1306 Et
384 1265 411 1306 tu
434 1274 491 1306 cum
524 1259 547 1307 ei
567 1259 662 1322 Jesusz„
681 1259 752 1308 Prius
774 1275 848 1324 quam
870 1259 950 1322 gallus

60 1322 118 1385 Jesu
140 1319 274 1370 Nazareuo
295 1338 354 1371 eras.
391 1323 427 1370 At
449 1322 491 1371 ille
524 1330 606 1372 cantet
616 1324 663 1384 bis,
677 1331 715 1372 ter
725 1339 766 1373 me
777 1324 885 1387 negabis.
918 1324 951 1371 Et

61 1385 169 1450 negavit,
192 1386 291 1435 dicens:
317 1387 406 1450 Neque
428 1387 487 1447 scio,
525 1387 676 1452 coepitflere

327 1521 398 1579 untia
409 1520 495 1577 ductu
507 1526 561 1577 antu
571 1522 682 1590 itastis

133 1629 223 1687 ssttlln
234 1642 280 1696 ῌῐῦ
291 1625 420 1694 Epistula·
527 1636 589 1698 Quis
596 1636 701 1685 exvobis
707 1634 797 1684 timens
805 1634 949 1694 Dominum,

253 1736 260 1749 .
526 1701 628 1749 audiens
645 1716 733 1749 vocem
750 1701 814 1748 servi
831 1700 887 1748 sui?
908 1701 951 1762 qui

210 1737 283 1787 1⁵²¹ae
294 1737 310 1786 l·
327 1745 348 1800 5·
525 1765 661 1813 ambulavit
678 1765 705 1813 iu
722 1764 836 1822 tenebris,
856 1770 881 1812 et
899 1779 951 1811 non

131 1827 276 1878 OMINUS
305 1827 373 1875 Deus
399 1825 495 1890 aperuit
526 1836 562 1878 est
573 1829 657 1878 lumen
669 1829 699 1888 ei,
713 1837 794 1892 speret
810 1829 836 1876 in
851 1828 951 1876 nomine

163 1891 227 1940 mihi
243 1898 495 1954 aure1112egoautem
526 1894 636 1953 Domini,
670 1901 695 1942 et
728 1893 847 1942 innitatur
879 1908 952 1956 super

63 1974 114 2008 non
125 1955 286 2007 contradico:
302 1962 435 2003 retrorsum
443 1970 495 2002 non
525 1959 608 2006 Deum
620 1973 698 2007 suum,
735 1958 951 2006 Eccev0somnes

63 2023 120 2072 abii.
159 2021 257 2084 Corpus
272 2035 356 2068 meum
371 2019 428 2068 dedi
439 2034 494 2082 per·
525 2023 687 2071 accendentes
722 2021 813 2085 ignem,
848 2021 951 2069 accincti

65 2085 223 2143 cutientibus,
238 2091 262 2133 et
273 2099 349 2147 genas
365 2099 433 2132 meas
444 2083 494 2131 vel·
525 2087 639 2146 flammis,
664 2086 789 2135 ambulate
810 2087 837 2134 in
859 2086 951 2133 lumine

63 2151 186 2201 lentibus:
218 2148 308 2197 faciem
334 2164 416 2196 meam
443 2163 495 2196 non
525 2151 588 2214 ignis
599 2151 681 2210 vestri,
696 2158 720 2199 et
731 2151 757 2199 in
769 2150 875 2199 flammis
890 2165 952 2214 quas

65 2215 141 2264 averti
152 2216 187 2264 ab
197 2213 390 2277 increpantibus,
400 2219 425 2261 et
437 2227 495 2260 con·
526 2215 698 2264 succendistis:
732 2215 764 2263 de
791 2230 866 2263 manu
895 2232 951 2264 mea

65 2279 211 2329 suentibus
234 2278 260 2326 in
283 2292 331 2326 me.
371 2277 495 2325 Dominus
526 2279 617 2328 sactum
640 2287 676 2328 est
695 2279 744 2328 hoc
762 2279 841 2338 vobis,
863 2279 889 2326 in
908 2277 952 2325 do-

90 2360 134 2394 eus
145 2342 279 2392 auxiliator
289 2357 366 2400 meus,
376 2341 433 2389 ideo
444 2356 496 2388 non
526 2344 619 2393 loribus
630 2344 764 2392 dormietis.

65 2425 118 2458 sum
125 2407 253 2458 confusus:
265 2406 323 2454 ideo
328 2405 400 2469 posui
407 2405 496 2453 faciem
771 2447 776 2459 ,

66 2489 146 2522 meum
165 2479 195 2520 ut
214 2478 311 2534 petram
329 2470 493 2527 durissimam,
655 2446 829 2517 millium·

66 2545 89 2588 et
98 2535 280 2601 scioquoniam
291 2550 342 2582 non
351 2534 493 2583 confundar.
636 2572 707 2622 SM
750 2573 756 2584 ,
825 2585 836 2620 1

66 2603 140 2666 Juxta
167 2607 205 2650 est
233 2599 276 2663 qui
300 2599 418 2662 justificat
445 2613 493 2656 me,
656 2611 662 2621 ·
708 2589 807 2622 mxv·
839 2609 845 2621 ⁴

67 2667 120 2731 quis
136 2665 291 2716 contradicet
306 2663 387 2712 mihi?
405 2669 497 2711 stemus
595 2662 758 2711 Tconsestim
774 2676 847 2710 mane
858 2657 953 2708 consili·

67 2730 146 2789 simul,
182 2729 240 2794 quis
276 2735 313 2776 est
345 2728 497 2776 adversarius
615 2724 954 2775 umfacientessummisacer-

68 2798 154 2847 meus?
173 2793 277 2844 accedat
293 2793 325 2840 ad
342 2808 389 2840 me.
431 2791 497 2839 Ecce
528 2792 606 2851 dotes,
615 2807 671 2839 cum
678 2791 821 2848 senioribus,
828 2795 852 2836 et
860 2787 952 2845 scribis,

69 2861 192 2910 Dominus
202 2859 272 2907 Deus
282 2857 412 2905 auxiliator
417 2871 497 2904 meus:
530 2864 555 2905 et
565 2856 679 2904 universo
695 2854 807 2912 concilio,
822 2852 956 2900 vincientes

69 2927 122 2990 quis
143 2931 182 2975 est
204 2923 249 2988 qui
273 2921 422 2970 condemnet
440 2921 499 2968 me?
528 2921 621 3033 {fmus
636 2920 758 2967 duxerunt
770 2925 794 2967 et
805 2917 956 2966 tradiderunt

24 3026 34 3046 .
71 2991 134 3040 Ecce
144 3003 233 3039 omnes
245 2986 316 3062 quasi
326 2985 498 3034 vestimentum
552 2986 620 3034 ilato.
663 2985 697 3032 Et
719 2982 876 3046 interrogavit
901 2997 957 3030 eum

71 3060 234 3114 conterentur,
245 3059 313 3100 turea
322 3049 435 3104 comedet
446 3065 495 3099 eos.
532 3051 640 3098 Pilatus:
655 3048 695 3097 Tu
704 3064 729 3098 es
739 3047 957 3112 RexJudaeoruml

130 3119 162 3183 65
507 3123 523 3159 u
