2092 3450
453 193 492 246 <nn
511 193 669 252 stiniuiinnz.

110 330 225 385 Domini
251 330 395 385 Domino:
422 330 535 384 laudate
602 329 764 385 Benedicite
776 339 887 384 montes
899 339 926 384 et
936 331 992 384 col-

108 409 136 454 et
171 402 374 470 superexaltate
408 416 472 454 eum
506 400 535 454 in
565 399 606 453 les
621 400 744 455 Domino
760 401 891 454 :laudate
909 407 993 463 etsu-

109 470 219 524 saecula„
566 470 735 540 perexaltate
746 487 810 534 eum
822 470 851 523 in
864 464 975 524 saecuia„

146 538 307 594 Benedicite
337 539 379 593 sol
409 547 437 594 et
468 539 536 592 luna
603 539 765 593 Benedicite
782 540 912 592 universa
932 556 992 607 ger-

111 609 235 662 Domino
248 627 255 662 z
271 608 383 662 la'udate
396 617 423 662 et
441 625 536 678 super·
566 608 704 662 minantia
716 608 745 661 in
757 617 831 662 terra
844 609 968 663 Domino
985 628 991 662 ε

110 679 230 732 exaltate
242 695 306 731 eum
317 678 347 731 in
360 679 470 732 saecula.
566 677 679 732 laudate
684 686 710 732 et
719 679 921 747 superexaltate
929 695 993 733 eum

146 746 536 802 BenedicitestellaecoeliDo-
567 747 595 800 in
609 748 718 801 saeculn

109 818 187 870 mino
209 835 216 871 :
233 816 347 871 laudate
362 826 391 871 et
408 833 536 887 superex-
603 816 766 871 Benedicite
782 815 874 870 sontes
895 817 992 871 Domi-

111 887 196 940 altate
208 887 314 940 eumin
326 887 437 940 saecula.
567 902 605 940 no
618 905 625 942 ι
636 886 749 940 laudate
756 895 784 940 et
791 887 993 957 superexaltate

147 956 310 1010 Benedicite
317 956 408 1010 omnis
416 956 537 1010 imberet
568 972 631 1009 eum
643 956 672 1009 in
685 956 796 1010 saeculn

110 1041 157 1078 ros
189 1025 312 1079 Domino
340 1042 346 1080 :
369 1025 483 1081 laudate
509 1035 537 1080 et
604 1025 766 1080 Benedicite
785 1025 875 1079 maria
895 1034 922 1079 et
943 1026 992 1079 flu-

112 1095 535 1164 superexaltateeuminsaecula„
568 1095 646 1148 mina
664 1096 789 1150 Domino
811 1096 947 1150 :laudate
966 1105 993 1149 et

149 1164 415 1219 Benediciteomnes
424 1165 537 1234 spiritus
568 1165 991 1234 superexaltateeuminsaecula„

114 1234 169 1288 Dei
194 1234 319 1288 Domino
343 1252 350 1290 ε
373 1234 486 1289 laudate
510 1244 537 1288 et
605 1235 766 1288 Benedicite
778 1244 839 1289 cete
856 1243 884 1288 et
898 1236 994 1288 omnia

112 1304 381 1373 superexaltateeum
389 1305 419 1358 in
427 1305 538 1358 saecula.
568 1320 632 1372 quae
643 1313 790 1358 moventur
801 1304 830 1357 in
842 1305 923 1375 aquis
936 1306 993 1359 Do·

149 1374 310 1428 Benedicite
322 1374 395 1442 ignis
407 1382 435 1428 et
452 1383 538 1428 aestus
568 1372 646 1427 mino
674 1391 680 1427 :
703 1374 817 1428 laudate
840 1383 868 1427 et
897 1391 992 1443 super-

114 1443 239 1496 Domino
255 1444 386 1497 :laudate
398 1452 426 1497 et
444 1460 538 1513 super·
569 1443 688 1498 exaltate
700 1443 804 1497 eumin
817 1444 927 1497 saecula„

114 1512 199 1566 altate
211 1513 317 1566 eumin
330 1514 440 1566 saecula.
601 1513 994 1566 Benediciteomnesvolucres

150 1582 311 1636 Benedicite
318 1581 405 1650 frigus
414 1590 442 1636 et
453 1591 538 1636 aestas
569 1582 633 1636 coeli
643 1582 766 1636 Domino
778 1601 784 1636 :
796 1582 940 1637 laudateet
948 1599 993 1636 su-

49 1681 51 1688 =
115 1651 239 1705 Domino
255 1652 387 1706 :laudate
399 1660 426 1706 et
444 1668 538 1721 super·
568 1652 736 1720 perexaltate
748 1668 812 1705 eum
824 1652 853 1705 in
866 1653 975 1706 saecula.

114 1722 233 1775 exaltate
245 1738 309 1774 eum
321 1722 350 1774 in
363 1721 473 1775 saecula.
605 1721 766 1775 Benedicite
780 1738 878 1775 omnes
895 1722 994 1775 bestiae

151 1791 312 1845 Benedicite
320 1807 396 1844 rores
404 1800 432 1844 et
439 1791 539 1860 pruina
569 1799 597 1844 et
608 1807 710 1860 pecora
724 1791 847 1844 Domino
863 1791 994 1845 :laudate

116 1860 240 1913 Domino
256 1860 387 1915 :laudate
399 1868 427 1914 et
445 1877 539 1931 super·
570 1869 597 1913 et
630 1860 833 1930 superexaltate
868 1877 932 1914 eum
965 1862 994 1914 in

114 1930 232 1983 exaltate
244 1946 308 1982 eum
321 1930 349 1982 in
362 1930 472 1984 saecula.
570 1930 680 1983 saecula„

150 1998 311 2052 Benedicite
327 2000 390 2066 gelu
409 2008 436 2053 et
453 1999 539 2068 frigus
606 1998 767 2053 Benedicite
783 1999 831 2052 filii
849 1999 995 2053 hominum

115 2068 239 2121 Domino
256 2068 387 2122 :laudate
401 2077 428 2123 et
447 2086 540 2139 super·
571 2069 695 2123 Domino
711 2069 842 2123 :laudate
857 2079 884 2123 et
903 2086 996 2140 super-

114 2139 233 2191 exaltate
245 2154 309 2191 eum
321 2137 349 2190 in
362 2138 473 2193 saecula.
571 2139 765 2193 exaltate·eum
778 2139 806 2192 in
819 2139 930 2193 saecula.

150 2207 540 2276 Benediciteglaciesetnives
607 2207 760 2262 Benedicat
785 2209 873 2262 israel
898 2209 995 2262 Domi-

115 2276 239 2330 Domino
258 2294 264 2331 :
282 2277 395 2331 laudate
406 2286 435 2331 et
447 2295 540 2348 super·
570 2294 638 2331 num
652 2296 658 2331 :
671 2278 765 2332 laudet
775 2288 802 2331 et
811 2279 995 2348 superexaltet

113 2347 232 2399 exaltate
245 2363 308 2400 eum
320 2347 349 2400 in
362 2347 472 2401 saecula„
571 2364 635 2400 eum
644 2347 673 2400 in
685 2349 795 2402 saecuia„

150 2415 312 2470 Benedicite
323 2425 421 2470 noctes
434 2425 461 2471 et
480 2416 539 2471 dies
607 2416 996 2471 BenedicitesacerdotesDo·

116 2485 240 2538 Domino
256 2485 388 2540 :laudate
400 2496 428 2540 et
446 2503 539 2557 super·
570 2486 639 2539 mini
649 2486 771 2540 Domino
783 2505 789 2540 ε
802 2487 995 2541 laudateetsu-

114 2555 233 2608 exaitate
245 2571 309 2608 eum
322 2555 351 2608 in
364 2557 474 2609 saecula.
569 2556 738 2626 perexaltate
750 2573 813 2609 eum
825 2556 854 2609 in
866 2557 977 2610 saeculn

150 2624 310 2678 Benedicite
319 2625 365 2677 lux
378 2635 405 2679 et
416 2626 539 2680 tenebrae
606 2626 767 2679 Benedicite
784 2625 856 2678 servi
879 2626 995 2679 Domini

116 2695 239 2748 Domino
255 2695 386 2749 :laudate
400 2704 427 2749 et
446 2712 539 2765 super·
571 2694 714 2748 Domino:
732 2695 844 2749 laudate
856 2702 884 2748 et
902 2711 996 2764 super-

114 2765 233 2818 exaltate
245 2781 308 2817 eum
321 2764 350 2817 in
363 2765 473 2818 saecula„
570 2765 689 2818 exaltate
701 2781 765 2817 eum
777 2764 806 2816 in
820 2765 929 2818 saecula.

150 2834 312 2888 Benedicite
323 2833 432 2902 fulgura
449 2843 476 2888 et
488 2852 538 2887 nu·
606 2834 767 2887 Benedicite
811 2834 924 2903 spiritus
967 2844 994 2888 et

113 2902 163 2954 bes
178 2904 301 2956 Domino
315 2904 442 2958 :laudate
454 2913 481 2957 et
494 2921 539 2957 su·
569 2903 671 2957 animae
686 2903 824 2972 justorum
844 2903 967 2956 Domino
988 2924 994 2958 :

113 2973 284 3040 perexaitate
297 2990 360 3027 eum
372 2974 402 3027 in
415 2975 525 3028 saecula.
567 2972 680 3026 laudate
688 2981 715 3025 et
724 2971 993 3042 superexaltateeum

150 3042 303 3096 Benedicat
330 3053 405 3096 terra
442 3044 538 3097 Domi·
568 3042 598 3095 in
611 3042 721 3096 saecula.

113 3127 181 3163 num
197 3111 309 3165 :laudet
318 3121 345 3166 et
354 3113 538 3182 superexaltet
604 3110 766 3165 Benedicite
784 3111 874 3164 sancti
896 3119 923 3166 et
944 3111 994 3165 hu-

54 3246 67 3255 ·
100 3193 173 3289 eun}
177 3179 209 3231 1¹11
222 3182 337 3234 saecuia»
568 3181 650 3236 miles
661 3181 746 3236 corde
764 3181 887 3234 Domino
910 3181 993 3235 :lau-
