2092 3450
76 135 139 181 Dies
151 132 226 185 XVI.
458 134 568 207 ibaalmi.
837 145 953 194 Adarar.

66 295 142 344 minis
153 295 198 356 tui,
213 295 329 356 Domine,
343 295 421 344 libera
431 310 494 344 nose
557 293 664 344 Posuisti
680 308 726 342 nos
740 309 766 341 m
777 293 945 342 contradictio·

66 368 92 409 et
107 361 229 425 propitius
245 368 298 409 esto
313 360 422 424 peccatis
438 375 494 409 nos·
525 374 582 408 nem
592 359 679 408 vicinis
695 358 784 407 nostris
798 375 805 406 t
820 366 846 407 et
855 359 948 406 inimici

67 425 118 482 tris,
133 433 236 488 propter
246 424 347 473 Nomen
355 431 442 474 tuum:
524 423 602 473 nostri
613 424 822 472 subsannaverunt
833 438 885 470 nos.

100 488 142 537 Ne
153 488 216 538 forte
232 489 315 538 dicant
327 489 353 537 in
368 489 490 552 gentibus,
558 488 626 536 Deus
633 488 758 546 virtutum,
768 495 882 535 converte
888 500 949 535 nos:

68 553 121 603 Ubi
132 560 170 602 est
181 553 250 603 Deus
265 554 370 602 eorum?
386 559 410 601 et
423 553 494 601 inno·
525 558 549 601 et
561 552 662 601 ostende
670 551 759 600 faciem
769 558 845 610 tuam,
856 559 880 599 et
888 551 949 600 salvi

67 624 145 666 tescat
178 618 204 666 in
235 617 377 666 nationibus
412 633 495 666 coram
525 617 621 665 erimus.

67 682 145 731 oculis
155 682 253 742 nostris,
557 681 663 729 Vineam
676 681 708 729 de
722 680 833 743 AEgypto
844 686 948 727 transtu·

101 746 173 796 Ultio
207 746 332 810 sanguinis
369 761 494 795 servorum
525 745 595 794 listi:
618 744 711 808 ejecisti
726 753 819 808 gentes,
838 752 863 792 et
879 743 949 807 plan·

10 866 13 877 ‚
67 817 174 871 tuorum,
196 811 239 875 qui
258 811 347 859 effusus
369 818 432 860 est:
457 811 494 859 in·
525 809 655 858 tastieam.

67 875 328 939 troeatinconspectu
335 882 378 923 tuo
389 873 494 938 gemitus
557 874 617 922 Dux
640 873 732 922 itineris
754 871 821 921 fuisti
842 871 869 921 in
891 887 949 921 con-

10 978 13 987 .
68 939 272 1004 compeditorum.
525 945 599 1001 pectu
620 937 672 1000 ejus
694 955 700 986 e
723 937 840 1012 plantasti
856 936 949 985 radices

10 1054 12 1059 ,
99 1003 243 1054 Secundum
298 1003 494 1067 magnitudinem
525 1002 584 1065 ejus,
598 1009 623 1050 et
634 1001 745 1066 implevit
757 1009 852 1050 terram

10 1066 13 1123 ζ
66 1068 228 1118 brachiitui:
244 1068 343 1132 posside
354 1067 418 1117 filios
429 1082 493 1116 mor·
558 1065 663 1129 Operuit
674 1073 771 1114 montes
782 1065 869 1113 umbra
880 1064 948 1129 ejus:

67 1132 223 1182 tificatorunn
525 1137 550 1179 et
561 1131 660 1179 arbusta
671 1129 723 1194 ejus
734 1130 819 1189 cedros
831 1129 886 1178 Dei.

10 1196 12 1201 '
99 1197 134 1245 Et
146 1196 222 1245 redde
232 1196 319 1245 vicinis
334 1196 424 1245 nostris
439 1211 493 1260 sep·
557 1195 675 1243 Extendit
683 1194 797 1258 palmites
805 1209 862 1242 suos
873 1209 950 1257 usque

10 1264 15 1283 ²
67 1261 364 1325 tupluminsinueorum
380 1278 386 1309 :
402 1261 493 1324 impro·
524 1258 636 1308 ad'mare
652 1276 658 1308 r
675 1266 700 1307 et
715 1274 792 1322 usque
808 1259 841 1306 ad
857 1258 950 1307 flumen

67 1325 164 1389 perium
182 1325 301 1389 ipsorum,
320 1324 388 1389 quod
407 1336 493 1389 expro·
525 1337 570 1388 pro
589 1323 672 1387 agines
683 1322 742 1386 ejus.

66 1390 200 1438 braverunt
211 1389 264 1450 tibi,
279 1389 394 1438 Domine.
585 1394 595 1435 t
622 1387 682 1451 quid
704 1387 843 1435 destruxisti
870 1402 949 1436 mace·

98 1453 156 1502 Nos
172 1462 256 1502 autem
271 1454 377 1517 populus
392 1460 455 1512 tuus,
470 1459 494 1501 et
524 1453 587 1500 riam
600 1451 651 1515 ejus
668 1468 674 1499 ε
691 1459 716 1500 et
726 1451 878 1500 vindemiant
895 1466 951 1516 eam

67 1533 127 1567 oves
138 1517 495 1582 pascnaetuaerconfitebimur
525 1531 618 1576 omneS,
649 1515 692 1581 qui
719 1515 950 1580 praetergrediuntur

67 1581 113 1631 tibi
124 1585 152 1630 in
163 1581 287 1631 saeculum.
525 1581 609 1629 viam?

100 1647 132 1695 In
151 1646 334 1710 generationem
351 1652 375 1695 et
393 1661 493 1709 genera·
558 1644 737 1694 Exterminavit
760 1659 815 1692 eam
837 1660 897 1708 aper
918 1645 950 1693 de

67 1710 494 1760 tionemtannuntiabimuslaudem
525 1708 588 1757 silva
606 1727 613 1758 ι
631 1716 655 1757 et
677 1709 805 1771 singularis
824 1709 888 1757 ierus
907 1708 949 1757 de·

68 1784 143 1824 tuam.
525 1780 609 1837 pastus
621 1780 657 1822 est
668 1788 730 1822 eam.

142 1858 144 1862 ⁴
558 1837 627 1886 Deus
645 1837 770 1896 virtutum,
792 1843 950 1885 converteret

158 1917 402 1969 psmusLXXX,
525 1902 631 1976 respice⁴
643 1902 675 1950 de
696 1901 767 1976 coelo,
790 1908 815 1950 et
838 1901 903 1960 vide,
926 1908 950 1949 et

525 1975 598 2014 vrsrta
608 1980 706 2014 vmeam
717 1973 795 2015 istam.

138 2031 179 2081 UI
196 2031 259 2094 regis
276 2030 359 2089 Israel,
377 2030 494 2079 intende:
558 2030 592 2078 Et
604 2028 696 2094 perfice
712 2045 774 2088 eam,
788 2045 863 2093 qnam
879 2030 950 2092 plan·

187 2095 213 2143 ui
228 2094 330 2144 deducis
340 2095 407 2143 velut
422 2110 495 2143 ovem
526 2094 587 2143 tavit
609 2094 709 2143 dextera
735 2100 803 2142 tua:
826 2101 851 2142 et
878 2110 950 2158 super

167 2109 269 2223 loseph.
526 2158 604 2207 filium
625 2157 740 2218 hominis,
766 2173 840 2223 quem
862 2159 950 2207 confir·

100 2221 153 2284 Qui
169 2222 240 2272 sedes
258 2238 331 2288 super
349 2223 494 2272 cherubim:
525 2222 661 2272 mastitibi.

68 2285 225 2336 manifestare
253 2302 336 2336 coram
363 2288 491 2352 Ephraim,
559 2287 663 2336 Incensa
673 2287 732 2350 igni,
747 2293 771 2337 et
782 2287 885 2336 suffossa
899 2305 905 2336 ε
918 2287 950 2336 ab

68 2350 207 2414 Benjamin,
221 2358 246 2400 et
257 2351 379 2401 Manasse
525 2350 692 2417 increpatione
716 2351 796 2400 vultus
824 2352 860 2400 tui
886 2353 950 2416 peri·

100 2415 191 2463 Excita
212 2417 348 2478 potentiam
370 2423 445 2476 tuam,
470 2423 495 2464 et
525 2415 594 2464 bunt.

68 2479 125 2529 veni
136 2495 143 2529 ε
155 2487 183 2528 ut
193 2479 274 2528 salvos
285 2479 359 2529 facias
370 2494 423 2529 nos.
558 2479 615 2529 Fiat
631 2495 717 2528 manus
733 2486 776 2529 tua
788 2495 862 2545 snper
871 2481 950 2528 virum

101 2544 179 2602 Deus,
199 2551 314 2593 converte
331 2559 377 2592 nos
392 2561 398 2592 ε
415 2550 440 2593 et
456 2559 494 2592 os·
526 2544 632 2594 dexterae
649 2553 698 2593 tuae
717 2561 723 2593 :
743 2552 768 2593 et
784 2560 857 2609 super
872 2544 951 2593 filium

68 2607 143 2656 tende
167 2607 256 2657 faciem
281 2616 356 2668 tuam,
381 2615 407 2657 et
433 2609 495 2657 salvi
526 2608 719 2673 hominisquem
735 2608 947 2658 confirmastitibi.

68 2673 166 2721 erimus
559 2673 593 2722 Et
619 2688 671 2721 non
697 2673 845 2722 discedimus
871 2689 886 2720 a
908 2680 950 2733 te;

101 2736 212 2786 Domine
246 2737 315 2786 Deus
349 2737 494 2786 virtutum:
527 2736 951 2786 vivificabisnos2etNomentuum

68 2815 197 2876 quousque
217 2801 328 2850 irasceris
349 2816 422 2866 super
441 2817 494 2850 ora·
527 2801 702 2850 invocabimus.

68 2873 163 2914 trouem
173 2865 302 2914 servitui?
559 2865 668 2914 Domine
680 2865 748 2913 Deus
758 2864 883 2923 virtutum,
893 2880 950 2913 con·

101 2929 204 2980 Cibabis
225 2945 271 2979 nos
292 2945 356 2994 pane
374 2928 493 2993 lacryma·
526 2937 594 2978 verte
612 2945 657 2977 nos
676 2947 682 2976 ε
699 2939 723 2976 et
743 2928 845 2978 ostende
863 2929 950 2980 faciem

69 3008 124 3042 rurn
139 3011 147 3042 r
164 3000 188 3043 et
196 3001 290 3069 potum
301 2994 372 3044 dabis
385 2994 457 3043 nobis
469 2996 494 3043 in
528 3003 603 3055 tuam,
615 3000 639 3042 et
651 2993 712 3041 salvi
723 2995 819 3042 erimus.

69 3058 183 3170 lacrypr6ip
194 3074 220 3107 rn
231 3060 362 3108 mensura?
