2040 3458
217 163 350 222 damiata
368 165 469 226 &uuita
486 177 543 239 urst
561 173 714 233 uriuitrttm.

15 333 55 398 qui
68 332 148 383 habet
168 338 269 382 centum
289 347 362 382 oves:
382 332 444 382 etsi
472 331 586 395 quinon
606 331 719 395 indigent
742 333 895 397 poenitentia.

15 398 149 462 perdiderit
160 413 238 446 unam
249 413 280 446 ex
291 397 347 456 illis,
360 412 444 446 nonne
474 397 526 444 Aut
536 411 592 460 quae
603 396 691 446 mulier
701 396 796 446 habens
811 399 898 447 drach-

15 462 117 511 dimittit
138 462 278 524 nonaginta
304 476 395 510 novem
416 462 443 509 iu
473 475 526 508 mas
537 461 630 520 decem,
640 461 661 510 si
671 461 805 524 perdiderit
813 463 899 511 drach·

15 526 119 587 deserto,
133 532 159 575 et
174 526 244 574 vadit
260 525 292 574 ad
308 525 377 573 illam
388 541 444 589 quae
474 538 543 572 mam
568 540 651 584 unam,
675 541 759 574 nonne
786 528 899 576 accendit

15 590 127 654 perierat,
143 589 226 639 donec
245 590 354 639 inveniat
371 592 444 638 eam?
473 588 606 649 lucernam,
629 595 653 638 et
675 590 764 638 everrit
785 590 896 650 domum,

16 655 117 704 Etcum
128 654 250 703 invenerit
261 669 323 713 cam,
338 654 444 717 imponit
473 659 498 700 et
510 653 597 716 quaerit
610 653 747 716 diligenter,
766 655 846 704 donec
861 656 898 703 in·

15 719 40 767 in
60 719 180 768 humeros
198 734 256 767 suos
275 718 402 781 gaudens:
419 725 443 767 et
473 717 576 764 veniat?
619 718 652 766 Et
680 734 736 767 cum
768 719 895 778 invenerit,

15 783 116 832 veniens
125 783 237 842 domum,
252 789 371 831 convocat
382 783 443 830 ami·
474 787 593 830 convocat
622 782 713 830 amicas
741 790 765 832 et
795 784 896 843 vicinas,

15 862 56 895 cos
83 854 110 896 et
137 847 241 907 vicinos,
271 847 355 895 dicens
379 846 443 895 illis:
473 845 571 894 dicens:
598 845 809 909 Congratulamini
826 849 895 907 mihi,

16 911 231 974 Congratulamini
247 911 316 970 mihi,
331 911 390 974 quia
405 911 443 958 in·
473 909 531 972 quia
555 909 638 958 inveni
660 911 802 959 drachmam
824 928 899 977 quam

15 976 153 1025 veniovem
163 975 439 1039 meam‚quaeperierat.
473 973 635 1036 perdideram.
678 974 719 1023 Ita
737 975 795 1024 dico
816 976 895 1036 vobis,

15 1040 80 1088 Dico
91 1039 172 1098 vobis,
190 1040 258 1104 quod
274 1040 309 1087 ita
324 1038 444 1103 gaudium
472 1038 590 1100 gaudium
623 1038 668 1087 erit
696 1054 778 1087 coram
805 1041 899 1104 angelis

14 1104 58 1152 erit
74 1104 103 1152 in
119 1104 185 1152 coelo
201 1119 276 1168 super
290 1119 341 1152 uuo
357 1119 443 1168 pecca·
474 1101 523 1150 Dei
534 1117 608 1165 super
615 1117 666 1151 uno
676 1111 805 1167 peccatore
819 1105 898 1169 poeni·

13 1175 66 1216 tore
76 1167 251 1232 poeuitentiam
262 1175 357 1230 agente,
368 1182 443 1231 quam
473 1166 575 1214 tentiam
587 1174 681 1230 agente

12 1248 87 1296 super
102 1232 241 1296 nonaginta
255 1247 347 1281 novem
359 1231 440 1295 justis,

209 1403 339 1460 diminui
357 1403 459 1461 &aaut
474 1407 532 1471 aust
548 1402 704 1460 &datatim

172 1509 273 1568 &tatia
379 1551 381 1556 ·
472 1523 541 1572 bitur
558 1539 574 1572 a
590 1524 706 1573 servitute
725 1540 796 1574 corru
815 1525 896 1584 tionis,

71 1615 442 1678 ROTECTORintesperan·
473 1588 500 1636 1¹¹
524 1588 663 1637 libertatem
684 1589 770 1652 gloriae
820 1591 899 1638 'orum

474 1652 529 1700 Dei
567 1653 664 1727 Scimus
672 1654 810 1728 enimquod
819 1654 899 1702 omnis

473 1723 584 1765 creatura
599 1718 745 1780 ingemiscit,
759 1725 784 1766 et
794 1719 899 1782 parturit

472 1796 549 1844 usque
559 1781 648 1829 adhuc.
685 1782 745 1830 Non
760 1782 840 1831 solum
856 1798 913 1830 au-.

10 1874 80 1922 diam
99 1879 168 1922 tuam
177 1890 186 1933 ;
209 1879 236 1921 ut
253 1879 278 1921 te
297 1879 398 1930 rectore,
418 1880 443 1920 te
472 1850 523 1920 tFm
534 1845 584 1905 flla’
599 1845 643 1893 sed
659 1853 684 1894 εἴ
699 1861 745 1894 ¹¹⁰⁵
756 1846 804 1910 iPSi
814 1847 898 1910 Psiml·

10 1939 83 1996 ἀπε,
97 1937 135 1987 sic
150 1943 302 1986 transeamus
319 1952 365 2000 per
380 1943 441 1984 tem·
472 1917 519 1984 tias
539 1909 645 1972 Spiritus
663 1910 790 1969 habentes,
810 1918 835 1959 et
851 1911 899 1974 ipsi

10 2002 116 2066 poralia,
153 2008 181 2050 ut
212 2016 264 2049 nou
301 2000 442 2049 amittamus
473 1974 727 2036 ¹⁰ff²1¹⁰⁵gemimus
738 1975 898 2038 adoptionem

10 2075 112 2116 εἴδω
149 2065 197 2114 Per
213 2066 299 2128 Jesum
316 2064 442 2113 Christum
472 2037 579 2113 filiorum
596 2038 646 2086 Dei
667 2047 845 2114 exspectantes,¹
861 2055 898 2087 re·

10 2131 281 2179 Dominumnostmm
317 2130 405 2177 Amen.
472 2101 642 2165 demptionem
651 2117 760 2166 corporis
770 2110 854 2152 nostri.

88 1682 153 1730 tium
165 1681 241 1738 Deus,
255 1680 307 1728 sine
318 1695 369 1744 quo
379 1678 442 1727 nihil

11 1752 50 1794 est
76 1745 197 1804 validum,
225 1744 288 1792 nihil
314 1750 442 1803 sanctum3

11 1809 157 1874 Multiplica
167 1823 242 1872 super
252 1823 297 1857 nos
307 1807 442 1856 misericor·

169 2277 296 2344 nimiu.
595 2270 769 2342 literarium.

101 2397 230 2446 aaroni
244 2396 295 2446 vui.
313 2395 349 2445 18.
578 2395 694 2446 suum
705 2394 737 2443 vi.
752 2393 791 2456 36.

17 2501 234 2626 EXISTIMO
246 2509 314 2574 quod
325 2516 441 2559 nonsuut
541 2509 673 2560 STOTE
689 2525 747 2571 ergo
761 2508 897 2557 misericor·

94 2575 227 2638 condignae
235 2575 361 2638 passiones
367 2573 441 2637 hujus
513 2607 536 2629 A
559 2575 610 2633 des,
620 2575 683 2622 sicut
695 2580 719 2621 et
733 2573 807 2620 Pater
818 2579 899 2620 vester

10 2639 131 2704 temporis
148 2639 181 2687 ad
201 2638 307 2687 futuram
326 2639 438 2702 gloriam,
471 2639 608 2687 misericors
616 2645 659 2686 est.
683 2637 770 2686 Nolite
776 2636 894 2699 judicare,

10 2703 341 2768 quaerevelabiturinnobis
373 2703 441 2750 Nam
472 2710 496 2752 et
522 2719 574 2752 non
600 2701 788 2766 judicabimini:
820 2699 898 2747 nolite

10 2766 164 2832 exspectatio
181 2774 298 2815 creaturae
313 2767 441 2816 revelatio·
472 2767 643 2825 condemnare,
654 2773 678 2814 et
687 2781 737 2814 non
748 2763 897 2812 condemna·

10 2847 70 2880 nem
91 2831 201 2880 filiorum
229 2830 278 2879 Dei
305 2837 437 2895 exspectat.
470 2831 565 2880 himini.
602 2829 734 2887 Dimittite,
750 2835 774 2876 et
790 2826 897 2876 dimitte·

10 2895 125 2945 Vanitati
149 2898 217 2944 enim
246 2902 357 2943 creatura
383 2896 440 2944 sub·
470 2895 539 2944 mini.
579 2896 652 2954 Date,
667 2900 691 2942 et
702 2892 802 2941 dabitur
812 2891 897 2940 vobis:

10 2959 330 3024 jectaestnonvolens,sed
339 2966 441 3035 propter
470 2975 609 3008 mensuram
630 2959 731 3014 bonam,
757 2964 781 3005 et
803 2957 897 3005 confer·

11 3040 69 3072 eum
87 3026 132 3089 qui
147 3023 252 3086 subjecit
268 3038 323 3071 eam
338 3039 364 3072 m
380 3039 439 3087 spe:
470 3032 528 3083 tam,
548 3031 573 3072 et
590 3023 746 3084 coagitatam,
770 3027 794 3069 et
814 3035 896 3083 super·

11 3089 71 3154 quia
90 3096 115 3136 et
136 3088 192 3151 ipsa
214 3092 325 3136 creatura
350 3087 438 3136 libera·
471 3087 611 3136 effluentem
638 3085 734 3135 dabunt
759 3085 789 3134 iu
815 3085 901 3135 sinum

76 3163 110 3213 97
443 3165 463 3202 G
