2092 3450
234 529 337 610 tirou
361 529 584 628 §multumt
609 531 872 613 minumum.

116 715 262 764 Notandum
274 724 319 774 est,
335 717 452 766 Officium
463 733 569 782 sequens
580 735 630 767 non
642 719 775 768 dicendum
787 737 840 768 csse
852 736 898 784 pro
909 721 939 768 iis
951 721 991 784 qui
1042 706 1044 717 ¹

147 788 190 828 aut
202 797 251 829 non
262 783 379 845 baptizati
388 791 431 831 aut
440 785 647 834 excommunicati
656 792 762 834 mortem
772 786 888 845 obierint,
899 795 942 835 aut
952 786 992 849 qui

147 861 234 894 necem
245 847 293 895 sibi
306 849 476 898 consciverint.

116 960 237 1009 Sacerdos
254 969 278 1011 et
297 962 387 1012 Clerici
404 964 429 1012 in
442 966 585 1013 Coemeterii
597 966 666 1014 aditu
679 966 800 1015 Cadaveri
812 967 914 1015 obviam
925 975 990 1026 eant,
1042 1000 1044 1025 ,

148 1034 172 1074 et
189 1027 215 1074 id
232 1029 408 1090 praecedentes
422 1031 502 1079 autin
516 1032 653 1081 Ecclesiam
670 1040 712 1080 aut
729 1032 888 1095 sepulchrum
901 1048 991 1092 versus,
1042 1090 1044 1095 .

148 1091 232 1142 dicant
245 1101 286 1141 aut
299 1101 406 1152 cantent,

177 1199 226 1249 GO
236 1216 290 1249 sum
299 1200 441 1250 resurrectio
450 1208 475 1249 et
482 1200 541 1259 vita,
686 1197 798 1247 Psalmus
809 1198 890 1247 xxxix
921 1176 924 1179 Ι

210 1265 270 1314 dicit
281 1266 419 1313 Dominus:
436 1265 478 1328 qui
493 1280 543 1312 cre·
640 1283 694 1335 IXI
711 1286 999 1336 Custodiamviasmeas:
1042 1259 1044 1268 '

119 1328 156 1376 dit
173 1327 204 1402 dn
222 1345 271 1404 ΠΨ
293 1330 368 1378 etiam
389 1330 410 1378 Si
432 1337 542 1404 “immi
663 1323 752 1400 ut'non
763 1351 907 1415 delinquam
919 1351 945 1399 in
956 1351 999 1400 lin·

119 1392 199 1451 suerit,
229 1401 321 1442 viveto
342 1400 367 1442 et
394 1408 474 1442 omms
501 1408 544 1456 qm
574 1431 696 1479 guam.
1042 1421 1044 1425 ·

118 1457 186 1530 vivit,
200 1463 226 1533 et
240 1458 317 1506 credit
332 1458 357 1505 in
368 1473 416 1516 me,
429 1473 480 1505 non
491 1473 543 1525 mo·
608 1480 683 1528 posui
704 1480 741 1527 σή
762 1495 819 1528 meo
839 1479 1000 1528 custodiam:
1042 1465 1044 1524 ξ

117 1528 191 1569 ”em
209 1525 236 1574 3¹¹
255 1530 379 1587 aett'mum·
416 1517 488 1578 Jffiss'
504 1534 536 1565 ³¹·
574 1560 631 1593 cum
643 1544 784 1593 consisteret
792 1551 910 1605 peccator
917 1544 999 1592 adver·
1042 1536 1044 1593 Ϊ

117 1586 157 1639 ²5²
173 1578 210 1626 ²6·
574 1624 629 1657 sum
640 1624 681 1656 mc

607 1673 735 1730 Obmutui,
747 1680 771 1720 et
782 1671 927 1721 humiliatus
937 1688 997 1723 sum.

173 1743 234 1791 CIO
243 1744 308 1806 quod
314 1743 468 1804 Redemptor
474 1757 542 1789 mens
574 1744 598 1785 et
609 1737 664 1784 silui
677 1736 774 1784 abonis
789 1744 831 1784 :et
848 1737 921 1785 dolor
934 1752 1000 1784 meus

202 1808 270 1866 vivit,
285 1814 309 1854 et
320 1807 346 1854 in
356 1807 490 1855 novissimo
502 1807 543 1854 die
573 1809 704 1849 renovatus
716 1808 758 1849 est.

117 1871 148 1918 de
170 1879 233 1919 terra
253 1878 402 1919 surrecturus
423 1886 496 1919 sum:
518 1878 543 1918 et
607 1865 737 1914 Concaluit
762 1880 805 1913 cor
826 1881 911 1913 meum
938 1865 1000 1913 intm

117 1950 212 1982 rursum
223 1934 393 1984 circumdabor
401 1935 465 1998 pelle
476 1950 539 1993 mea,
573 1945 613 1977 me
629 1947 635 1977 :
646 1937 670 1977 et
682 1930 707 1976 in
718 1929 879 2002 meditatione
895 1945 951 1978 mea
961 1945 999 1978 ex·

117 2006 142 2046 et
159 1999 184 2046 in
203 2015 275 2047 carne
291 2015 347 2047 mea
357 1999 447 2047 videbo
459 1999 542 2046 Deum
560 1995 683 2042 ‘ardescet
694 1994 764 2055 ignis.

117 2078 214 2111 meum:
231 2079 304 2126 quem
315 2064 409 2111 visurus
425 2079 478 2110 sum
495 2078 542 2125 ego
606 2058 714 2106 Locutus
725 2073 782 2132 sum
791 2058 816 2104 in
828 2057 915 2132 lingua
925 2074 980 2106 mea
994 2077 999 2104 :

117 2127 177 2188 ipse,
196 2135 221 2175 et
237 2127 302 2176 oculi
318 2128 366 2175 mei
389 2127 542 2237 consssecturi
573 2122 669 2170 Notum
677 2122 791 2181 sacmihi,
799 2121 918 2181 Domine,
927 2122 999 2170 tinem

117 2198 180 2249 sunt,
202 2199 226 2239 et
248 2206 298 2239 non
320 2192 388 2239 alius.
417 2190 448 2251 Jo
468 2228 472 2237 .
490 2192 537 2239 xix.
572 2202 662 2235 meum.

119 2261 158 2313 25,
174 2251 212 2308 26,
228 2265 266 2311 27.
605 2251 639 2299 Et
661 2266 790 2299 numerum
812 2250 909 2298 dierum
933 2266 999 2299 meo·

572 2330 626 2362 rum
645 2316 700 2379 quis
719 2323 755 2363 est
776 2323 825 2362 :ut
845 2315 923 2363 sciam
941 2315 999 2379 quid

123 2409 541 2536 NIffnffidffiuhffiguffi
571 2380 997 2556 Etcghinensurabiloe'posuisti

373 2547 378 2557 .
670 2523 712 2556 eos
727 2525 733 2555 :
751 2515 776 2555 et
791 2507 930 2555 substantia
945 2523 999 2556 mea

116 2547 234 2622 qu⁰dff¹ec
241 2546 538 2622 ausesfequ¹d99⁵⁵umu³·
572 2580 698 2634 tamquam
710 2572 814 2620 nihilum
825 2578 883 2619 ante
894 2578 926 2620 te.

116 2613 239 2660 Dominus
257 2611 333 2670 dedu,
356 2611 479 2659 Dommus
498 2612 540 2659 ab·
605 2635 781 2684 verumtamen
800 2635 915 2683 universa
931 2635 998 2683 vani,

115 2676 197 2724 stulit:
214 2676 245 2724 sit
257 2690 346 2723 nomen
356 2675 459 2723 Domini
467 2676 540 2724 bene·
572 2706 609 2747 tas
624 2717 630 2747 :
642 2700 723 2748 omnis
733 2699 810 2748 h0m0
820 2699 913 2748 vivens,

115 2740 215 2788 dictum.
251 2750 259 2785 1
270 2738 335 2785 'sim‘
345 2739 375 2785 Vi·
386 2749 405 2798 7·
422 2738 469 2799 J0b
479 2741 493 2786 Ῑ·
502 2753 539 2786 ²¹·
604 2763 781 2812 Verumtamen
792 2764 817 2812 in
828 2763 937 2826 imagine
945 2779 999 2826 per·

202 2875 207 2883 ,
329 2876 333 2884 ,
571 2828 658 2876 transit
679 2828 755 2876 homo
775 2828 843 2876 :sed
864 2836 890 2876 et
911 2827 999 2876 frustm

124 2874 188 2921 Cum
202 2891 226 2920 m
239 2874 377 2922 Ecclesiam
387 2884 487 2923 ventum
497 2886 540 2932 cst,
571 2892 736 2940 conturbatur·

156 2939 269 2999 legantur
291 2942 366 2987 mnbo
389 2942 481 2989 Psalmi
507 2960 542 2990 se·
604 2955 762 3004 Thesaurizat
777 2974 783 3004 ς
800 2964 824 3005 et
843 2956 940 3020 ignorat
959 2956 997 3005 cui
1039 2964 1043 2971 ¹

156 3011 267 3065 qucutcs,
282 3012 323 3051 aut
336 3021 398 3052 nnus
411 3022 439 3053 ex
452 3007 493 3053 cis.
571 3021 728 3083 congregabit
740 3036 775 3068 ea,

173 3097 224 3134 202
