2092 3450
43 187 92 234 (ll.
316 186 426 252 iaculati.
687 197 805 247 AdMat.

43 335 175 384 >nictentur
194 354 200 384 ε
217 342 242 384 et
258 335 290 384 de
312 351 353 384 ne·
384 336 447 386 sicut
456 336 536 386 ebrius
552 344 593 385 :et
600 336 680 385 omnis
691 337 811 401 sapientia

43 414 79 448 ›us
122 415 207 448 eorum
240 399 353 450 liberavit
384 416 470 450 eorum
480 401 599 450 devorata
610 408 653 450 est.

416 466 450 514 Et
457 465 622 515 clamaverunt
634 465 666 514 ad
674 466 811 515 Dominum

43 527 86 576 ixit
102 544 145 577 eos
155 529 187 577 de
204 528 311 577 tenebn's
328 536 352 577 et
383 545 440 578 curn
462 529 635 578 tribularentur
654 547 661 578 r
677 537 702 578 et
720 529 752 578 de
768 546 811 580 ne-

44 593 104 641 onis
114 599 152 641 :et
160 592 258 642 vincula
268 608 353 642 eorum
382 594 535 643 cessitatibus
547 609 631 643 eorum
643 595 727 642 eduxit
739 610 787 644 eos.

415 659 449 708 Et
466 659 551 708 statuit
564 658 699 723 procellam
715 657 768 720 ejus
784 659 810 708 in

43 728 126 769 eantur
148 722 258 771 Domino
279 722 351 771 mise·
382 738 503 772 auram-2
530 730 555 772 et
576 722 695 772 siluerunt
723 723 810 773 fluctus

58 785 110 847 ejus
135 786 282 835 :mirabilia
299 787 351 850 ejus
382 787 441 850 ejus.

43 849 126 898 linum.
415 852 448 900 Et
471 851 548 900 laetati
569 857 626 900 sunt
653 852 712 916 quia
738 852 810 901 silue·

43 914 147 963 :ontrivit
158 923 241 978 portas
253 931 329 965 aereas
344 933 351 964 ε
382 923 439 964 runt
451 933 457 965 ε
469 923 493 964 et
504 916 606 964 deduxit
620 932 663 966 eos
674 916 700 964 in
711 924 810 981 portum

52 977 143 1027 ferreos
154 979 280 1043 confregit
382 981 515 1029 voluntatis
524 995 616 1029 eorum.

43 1043 70 1091 >it
92 1058 135 1091 eos
152 1043 240 1092 devia
261 1044 349 1108 iniqui·
415 1045 586 1094 Confiteantur
597 1045 707 1093 Domino
717 1044 810 1094 miseri·

43 1122 76 1155 un
91 1115 206 1170 :propter
222 1107 352 1170 injustitias
382 1110 472 1158 cordiae
489 1109 541 1184 eius
561 1127 567 1158 :
584 1115 609 1157 et
619 1109 742 1158 mirabilia
758 1109 810 1174 ejus

43 1187 55 1220 s
66 1171 188 1220 humiliati
199 1181 259 1222 sunt
382 1174 439 1222 filiis
449 1173 586 1223 hominum.

43 1237 351 1286 mescamabominataest
415 1239 448 1287 Et
470 1237 577 1287 exaltent
593 1253 649 1286 eum
665 1237 691 1286 in
708 1238 810 1288 ecclesia
860 1289 867 1299 Ι

43 1315 99 1348 rum
113 1319 120 1349 z
131 1308 156 1349 et
168 1301 350 1365 appropinqua·
380 1302 459 1366 plebis
474 1302 553 1351 :etin
563 1302 679 1351 cathedra
687 1303 810 1351 seniorum

43 1380 97 1428 ulue
108 1365 140 1413 ad
152 1375 235 1428 portas
246 1366 340 1415 mortis.
381 1367 483 1415 laudent
494 1381 557 1414 eum.

43 1437 165 1478 naverunt
176 1430 207 1478 ad
216 1431 351 1479 Dominum
415 1430 501 1481 Posuit
511 1430 648 1478 fluminain
664 1430 786 1479 desertum
802 1449 809 1479 r

43 1493 173 1542 »ularentur
195 1512 201 1543 r
219 1501 244 1543 et
261 1494 293 1542 de
310 1510 352 1543 ne·
382 1502 406 1543 et
419 1495 523 1544 exitusa
540 1509 626 1542 uarum
637 1495 664 1542 in
675 1494 760 1544 sitim:

43 1574 75 1606 »us
111 1574 196 1607 eorum
239 1558 352 1608 liberavit
386 1599 389 1604 .
415 1509 676 1608 Temmlmctifemm
692 1559 717 1607 iu
733 1560 809 1608 salsu-

381 1623 465 1686 ginem
491 1641 497 1672 ε
519 1638 535 1671 a
555 1622 651 1671 malitia
670 1624 808 1672 inhabitan-

43 1688 138 1736 rerbum
150 1703 228 1746 suum,
240 1695 265 1736 et
281 1703 351 1735 sana·
383 1689 445 1736 tium
456 1689 482 1736 in
493 1703 529 1736 ea.

61 1759 85 1800 et
101 1752 191 1814 eripuit
207 1767 250 1800 eos
266 1752 298 1801 de
314 1752 350 1800 ‘m-
415 1752 501 1801 Posuit
527 1752 652 1800 desertum
676 1751 701 1799 in
723 1759 827 1815 stagnat

43 1831 77 1864 »us
88 1831 179 1864 eorum.
383 1832 502 1880 aquarum
517 1823 559 1864 :et
575 1823 665 1864 terram
676 1816 728 1864 sine
745 1831 809 1880 aqua

43 1886 126 1928 eantur
137 1880 247 1928 Domino
258 1880 351 1928 miseri·
383 1882 409 1928 in
420 1881 498 1929 exitus
509 1895 634 1944 aquarum.

43 1943 77 2000 ius
97 1961 104 1993 r
120 1951 145 1992 et
160 1944 284 1993 mirabilia
299 1944 351 2007 ejus
416 1946 449 1993 Et
458 1945 587 1993 collocavit
594 1944 644 1992 illic
656 1944 788 1994 esurientes
803 1964 809 1994 ι

43 2008 126 2057 tinum
383 2016 408 2058 et
430 2009 607 2057 constituerunt
624 2008 748 2058 civitatem
766 2011 809 2057 ha·

43 2072 167 2121 acrificent
206 2070 352 2121 sacrificium
382 2073 517 2122 bitationis.

56 2144 80 2185 et
103 2137 252 2185 annuncient
277 2153 352 2201 opera
416 2139 450 2186 Et
468 2137 649 2186 seminaverunt
676 2152 755 2201 agros,
786 2145 810 2186 et

43 2200 192 2250 rsultatione.
383 2201 556 2265 plantaverunt
577 2201 660 2250 vineas
681 2209 729 2251 :et
748 2203 809 2251 fece-

43 2265 175 2314 escendunt
186 2281 254 2314 mare
271 2266 297 2313 in
308 2280 351 2312 na·
383 2273 440 2314 runt
451 2266 557 2315 fructum
568 2265 709 2314 nativitatis.

47 2329 163 2378 facientes
182 2329 353 2394 operationem
417 2331 451 2379 Et
461 2330 588 2379 benedixit
599 2330 642 2390 eis,
656 2337 680 2378 et
691 2329 810 2395 multipli-

42 2394 131 2443 multis.
384 2394 432 2443 cati
453 2401 510 2443 sunt
530 2394 605 2442 nimis
627 2412 634 2442 t
655 2402 681 2442 et
700 2395 811 2458 jumenta

44 2458 133 2507 derunt
144 2474 219 2522 opera
228 2458 331 2507 Domini
346 2476 352 2506 ε
385 2474 469 2508 eorum
477 2474 528 2507 non
538 2458 677 2507 minoravit.

43 2522 82 2570 ilia
93 2523 145 2585 ejus
156 2524 182 2571 in
194 2523 324 2587 profundo.
417 2525 451 2572 Et
461 2523 533 2587 pauci
542 2522 600 2571 facti
609 2529 666 2570 sunt
678 2534 684 2567 t
699 2529 723 2572 et
729 2523 812 2572 vexati

57 2594 81 2635 et
97 2587 164 2636 stetit
180 2588 279 2651 spiritus
295 2602 352 2649 pro·
384 2595 441 2636 sunt
451 2603 467 2636 a
477 2586 635 2636 tribulatione
652 2587 773 2636 malorum
787 2597 812 2636 et

43 2657 63 2699 et
74 2651 174 2700 exaltati
191 2658 248 2700 sunt
265 2651 353 2700 fluctus
384 2652 477 2701 dolore.

417 2717 502 2765 Effusa
518 2722 555 2763 est
572 2714 723 2777 contemptio
740 2730 814 2778 super

43 2781 102 2828 dunt
120 2795 197 2843 usque
215 2781 247 2828 ad
265 2781 348 2839 coelos,
384 2781 508 2844 principes
528 2797 534 2827 :
552 2785 576 2827 et
598 2792 677 2826 enare
698 2778 755 2827 fecit
771 2795 813 2828 eos

43 2845 119 2893 ndunt
138 2860 216 2908 usque
234 2846 265 2893 ad
281 2846 351 2908 abys·
384 2845 411 2892 in
422 2845 497 2902 invio,
512 2850 536 2891 et
548 2841 635 2890 nonin
646 2841 694 2889 via„

43 2909 101 2957 rima
122 2923 207 2957 eorum
233 2909 259 2957 in
281 2910 353 2958 malis
418 2910 452 2957 Et
490 2905 584 2969 adjuvit
615 2919 749 2969 pauperem
782 2906 815 2955 de

43 2978 72 3021 at.
385 2972 497 3035 inopia:
519 2977 544 3018 et
564 2969 647 3032 posuit
669 2969 732 3020 sicut
756 2985 814 3020 oves

42 3038 61 3085 ti
83 3043 146 3095 sunt,
172 3042 197 3085 et
215 3037 277 3085 moti
295 3044 351 3086 sunt
385 3035 496 3084 familias.

372 3109 392 3145 u
