2092 3450
197 128 269 185 &rto
289 126 437 194 Sepultura
454 125 632 185 ltlnttuurum.

50 285 123 334 stella
138 285 164 333 in
178 284 303 346 claritate3
319 285 354 334 sic
370 292 395 334 et
426 293 476 334 tem
483 285 569 334 mortis
576 294 705 350 peccatum
715 294 765 336 est:
776 289 853 338 virtus

42 351 281 399 rectiomortuorum.
316 350 395 400 Semi·
426 350 599 414 veropeccati,
613 350 659 400 lex.
696 352 754 400 Deo
770 359 853 402 autem

61 415 88 462 in
112 415 285 478 corruptione3
312 420 395 476 surget
426 414 525 477 gratias,
550 414 592 478 qui
615 415 684 465 dedit
709 416 781 465 nobis
803 418 852 466 vic·

42 479 211 541 icorruptione.
254 478 396 528 Seminatur
427 479 516 526 toriam
521 494 572 592 per
583 479 721 528 Dominum
731 488 850 542 nostrum,

42 543 181 601 robilitate3
202 549 284 605 surget
300 543 326 590 in
341 542 395 605 glo·
424 543 510 606 Jesum
544 542 655 594 hristum.
692 545 786 609 Itaque,
806 545 853 594 fra-

48 606 226 656 Seminaturin
238 606 395 666 infirmitate3
427 614 475 656 tres
491 607 541 656 mei
554 607 644 668 dilecti,
659 609 759 659 stabiles
775 618 854 660 estote

42 677 50 720 t
74 671 101 719 in
122 671 218 720 virtute.
255 671 396 721 Seminatur
427 678 452 719 et
473 671 613 720 immobiles
620 690 628 732 ;
652 673 806 724 abundantes
827 675 853 723 in

44 750 57 784 s
71 735 178 784 animale
185 752 193 795 ;
209 742 291 798 surget
307 751 396 799 corpus
426 751 500 799 opere
512 735 616 785 Domini
626 753 737 802 semper3
750 739 853 788 scientes

43 799 84 848 rle.
122 799 150 849 Si
172 807 208 848 est
233 814 262 848 co
292 815 322 848 ns
344 800 395 848 ani·
426 800 854 862 quodlaborvesternonestinanis

72 869 108 912 est
136 871 160 912 et
187 864 257 927 spirit
283 880 303 923 e,
333 863 396 913 sicut
426 864 453 912 in
465 864 581 913 Domino.

44 943 87 976 uin
109 935 161 976 est:
183 928 273 976 Factus
293 935 329 976 est
347 928 395 992 pri·
445 971 449 981 ,
647 971 651 978 .

43 992 118 1041 homo
138 992 221 1040 Adam
240 993 266 1040 in
287 992 396 1040 animam
429 974 495 1017 tum
526 977 681 1032 pervenerint
711 971 743 1017 ad
771 972 852 1034 sepul·

43 1063 107 1104 tem.
119 1057 264 1105 novissimus
276 1057 360 1105 Adam
370 1057 396 1104 in
464 1036 558 1091 chrum,
578 1036 637 1081 ilum
656 1035 761 1083 cadaver
772 1037 803 1083 ad
816 1037 851 1083 iii-

44 1094 253 1169 ,mv’ivificantem
287 1121 337 1170 Sed
346 1137 396 1170 nm
464 1100 634 1147 humationem
657 1110 764 1163 paratur,
787 1101 853 1148 dicat

68 1186 135 1249 quod
157 1159 267 1249 spirital'e
288 1191 332 1245 est,
352 1156 396 1234 sep
464 1165 594 1221 Sacerdos
606 1172 648 1239 mit
657 1174 757 1215 cantent
769 1167 852 1215 Sacer·

58 1249 181 1310 animale;
207 1250 304 1309 deinde,
329 1250 396 1314 quod
463 1230 544 1293 dolel
558 1230 662 1278 Clfflffli

44 1313 85 1362 ale
102 1314 197 1362 Primus
203 1314 315 1363 homode
322 1320 393 1372 terra,

44 1393 96 1426 ius:
124 1379 245 1428 secundus
266 1379 343 1427 homo
365 1378 397 1426 dc
430 1371 453 1494 Ι
504 1374 584 1425 0Μο
606 1383 678 1425 natus
693 1377 726 1425 de
741 1377 851 1438 muliere,

62 1441 174 1490 coelestis.
214 1442 302 1505 Qualis
324 1450 396 1491 terre·
535 1439 605 1488 brevi
626 1441 711 1488 vivens
733 1449 851 1507 tempore,

44 1506 99 1555 :ales
116 1514 140 1555 et
156 1507 260 1555 terreni:
277 1514 301 1555 et
318 1507 397 1571 qualis
428 1503 535 1566 repletur
553 1503 637 1553 multis
657 1505 767 1555 miseriis.
804 1507 854 1570 Qui

46 1571 84 1629 tis,
95 1571 157 1620 tales
168 1579 192 1620 et
203 1571 321 1620 coelestes.
348 1572 396 1635 Igi-
428 1567 498 1631 quasi
509 1567 555 1616 flos
571 1568 694 1632 egreditur
710 1577 735 1619 et
751 1572 855 1620 conteri·

45 1635 92 1683 icut
102 1637 253 1699 portavimus
264 1636 397 1699 imaginem
429 1640 475 1687 tur,
487 1640 511 1680 et
517 1632 579 1696 fugit
585 1632 653 1682 velut
658 1634 754 1694 umbra,
762 1642 786 1683 et
793 1651 855 1685 nun·

45 1699 68 1758 ii,
82 1707 207 1763 portemus
223 1707 247 1748 et
264 1700 396 1764 imaginem
428 1712 503 1760 quam
511 1696 537 1745 in
546 1697 633 1746 eodem
644 1705 709 1747 statu
717 1708 851 1762 permanet.

46 1764 83 1812 tis
132 1765 191 1813 Hoc
220 1770 302 1812 autem
329 1765 394 1823 dico,
460 1761 547 1810 Media
557 1762 608 1810 vita
619 1762 645 1809 in
659 1769 738 1811 morte
754 1779 854 1813 sumus:

45 1843 64 1887 s,
89 1829 147 1892 quia
173 1844 230 1877 caro
252 1835 277 1877 et
298 1830 397 1892 sanguis
428 1840 501 1889 quem
513 1825 644 1889 quaerimus
655 1826 792 1889 adjutorem
808 1829 855 1877 nisi

47 1907 74 1940 m
107 1893 156 1941 Dei
187 1892 313 1957 possidere
346 1909 397 1941 non
429 1897 460 1947 te,
483 1890 599 1948 Domine,
621 1891 664 1954 qui
683 1907 729 1954 pro
748 1893 855 1955 peccatis

46 1964 90 2014 nt3
114 1972 194 2021 neque
214 1957 339 2021 corruptio
360 1957 396 2005 in·
428 1953 517 2002 nostris
525 1953 590 2016 juste
602 1954 731 2004 irasceris?

46 2021 134 2084 ptelam
153 2022 296 2085 possidebit.
332 2022 398 2070 Ecce
462 2018 553 2067 Sancte
569 2019 645 2077 Deus,
665 2019 757 2069 Sancte
776 2020 852 2081 fortis,

46 2085 114 2133 :rium
129 2086 200 2133 vobis
218 2086 292 2135 dico:
312 2101 397 2134 omnes
430 2082 521 2131 Sancte
537 2088 562 2130 et
577 2083 713 2133 misericors
731 2085 852 2144 Salvator,

47 2165 72 2196 m
94 2164 262 2213 resurgemus:
285 2150 328 2199 sed
348 2166 398 2199 non
429 2147 518 2195 amaris
529 2147 615 2196 mortis
627 2156 724 2197 aeternae
733 2149 814 2213 poenis
824 2167 855 2199 ne

45 2213 266 2262 simmutabimur.
303 2214 334 2262 In
345 2230 397 2263 mo·
429 2212 511 2259 tradas
522 2226 574 2259 nos.

46 2293 64 2336 r,
78 2278 104 2326 in
120 2278 170 2326 ictu
186 2279 258 2338 oculi,
275 2279 301 2326 in
317 2278 398 2327 novis·
462 2275 524 2324 Noli
554 2275 667 2325 claudere
694 2293 764 2327 aures
791 2285 852 2336 tuas,

53 2342 131 2390 tuba:
153 2350 224 2391 canet
242 2343 307 2391 enim
324 2343 399 2402 tuba;
430 2339 546 2398 Domine,
561 2340 593 2388 ad
604 2356 688 2404 preces
699 2350 801 2402 nostras,
812 2344 856 2408 qui

47 2406 98 2455 irtui
114 2414 240 2469 resurgent
251 2407 399 2471 incorrupti:
430 2404 557 2466 cognoscis
578 2405 674 2453 occulta
695 2407 791 2467 cordis;
812 2410 856 2456 sed

47 2470 255 2520 simmutabimur.
292 2470 399 2535 Oportet
430 2483 503 2580 Barce
526 2469 606 2528 nobis,
631 2469 740 2519 Domine
762 2480 852 2529 sancte,

54 2535 213 2598 corruptibile
231 2535 279 2584 hoc
297 2535 400 2584 induere
457 2547 499 2581 eus
521 2532 597 2592 fortis,
622 2541 706 2582 sancte
733 2542 757 2583 et
784 2536 855 2584 mise-

47 2600 188 2662 uptionem,
201 2607 225 2648 et
236 2599 340 2648 mortale
351 2600 400 2648 hoc
430 2597 505 2645 ricors
525 2597 646 2656 Salvator,
667 2604 757 2647 aeteme
774 2599 856 2662 Judex

47 2679 74 2712 re
83 2663 300 2713 immortalitatem.
335 2664 399 2712 Cum
430 2661 576 2725 aequissime,
587 2677 619 2710 ne
629 2663 695 2710 sinas
705 2677 751 2711 nos
759 2663 786 2711 in
794 2663 856 2712 hora

47 2728 168 2778 imortale
178 2728 226 2777 hoc
237 2728 342 2777 induerit
353 2728 398 2776 im·
429 2733 514 2774 nostra
527 2726 667 2784 novissima,
681 2733 783 2790 propter
793 2727 857 2777 ullos

48 2791 155 2852 litatem,
177 2799 236 2841 tunc
255 2793 297 2841 fiet
318 2809 399 2842 sermo
431 2789 528 2839 dolores
539 2791 633 2849 mortis,
647 2805 663 2838 a
673 2796 698 2838 te
709 2791 826 2840 excidere.

48 2857 135 2920 :riptus
152 2863 203 2906 est:
220 2857 347 2921 Absorpta
363 2865 400 2906 est
475 2906 479 2916 ,
701 2909 705 2916 ,
745 2909 748 2917 ,

48 2921 186 2970 [Uictoria
210 2922 395 2982 Ubiesmors'
433 2906 539 2964 Deinde,
554 2908 613 2954 dum
631 2908 663 2954 ab
675 2907 797 2971 aliquibus
810 2910 851 2956 arl-

48 2985 75 3033 ia
92 2987 154 3035 tua?
187 2985 239 3035 Ubi
258 2994 302 3045 est,
321 3001 395 3044 mors,
464 2973 585 3019 stantibus
598 2981 661 3019 terra
673 2974 785 3022 cadaveri
799 2975 852 3037 inji-

48 3049 85 3098 lus
114 3051 188 3100 tuus?
220 3050 340 3100 stimulus
356 3066 398 3099 au.
463 3037 533 3094 citur,
548 3038 614 3084 dicat
629 3039 761 3087 Sacerdos:
793 3039 795 3046 '

48 3123 86 3174 305
