2092 3450
450 943 554 1024 Meto

112 1090 412 1172 Ztotninisttmtii
457 1092 604 1173 donam
648 1091 893 1186 {laminitano

482 1287 554 1338 srva,

266 1399 419 1486 Sacram
450 1399 768 1484 dnmrounioooo.

62 1668 91 1722 Si
106 1685 189 1737 quem
202 1684 299 1721 eorum
311 1667 358 1737 qui
371 1668 408 1721 ad
423 1668 539 1720 Sacram
554 1665 789 1719 communionem
802 1664 942 1734 accipien-

97 1739 164 1790 dam
186 1739 325 1791 accedunt
348 1739 479 1791 Minister
500 1737 648 1790 manifeste
673 1737 855 1789 criminosum
880 1753 942 1789 esse

96 1809 214 1871 noverit,
227 1809 271 1861 vel
284 1810 377 1862 verbis
390 1819 438 1861 aut
451 1809 525 1861 facto
539 1808 681 1876 proximos
694 1807 795 1875 injuria
804 1807 941 1873 affecisse,

97 1880 137 1932 ita
149 1890 179 1932 ut
194 1880 317 1947 Populus
330 1896 364 1933 eo
377 1880 500 1932 offensus
511 1879 592 1930 fuerit
604 1896 610 1940 ;
630 1895 695 1930 eum
706 1877 942 1930 commonefaciat

96 1968 133 2003 ne
153 1951 209 2002 ullo
228 1950 314 2002 modo
333 1951 435 2002 audeat
454 1949 588 2002 accedere
607 1948 642 2000 ad
667 1950 799 2001 Mensam
823 1947 942 2000 Domini

96 2021 187 2073 donoc
201 2038 231 2073 se
244 2025 360 2089 pravam
373 2021 461 2072 vitam
479 2037 560 2072 suam
579 2036 676 2072 revera
694 2019 864 2087 poenitenter
883 2035 942 2070 cor-

96 2092 211 2157 rexisse,
225 2101 252 2143 et
265 2101 325 2144 tum
339 2092 456 2158 Populo,
469 2101 528 2143 tum
542 2090 596 2141 illis
610 2107 680 2158 quos
694 2090 794 2158 injuria
810 2089 942 2152 affecerit,

97 2162 268 2214 satisfecisse
282 2161 435 2214 ostenderit
448 2180 455 2224 ;
475 2162 518 2212 vel
531 2161 568 2210 ad
582 2161 730 2212 minimum
741 2177 770 2212 se
780 2160 833 2212 hoc
845 2177 942 2228 quam·

96 2233 220 2300 primum
250 2233 399 2285 commode
424 2231 484 2284 fieri
512 2231 602 2299 possit
631 2231 770 2283 facturum
800 2231 942 2298 professus

97 2304 188 2356 fuerit.

62 2374 174 2426 Eodem
186 2371 272 2425 modo
285 2389 334 2426 eos
348 2372 433 2425 etiam
442 2371 595 2424 admoneat
607 2370 738 2424 Minister
747 2387 817 2440 quos
828 2370 900 2430 inter
911 2386 943 2423 se

97 2445 255 2496 simultates
268 2453 296 2497 et
308 2443 374 2495 odia
392 2443 496 2495 habere
516 2442 672 2510 intelligat;
696 2458 749 2494 nec
771 2458 829 2508 eos,
851 2441 942 2492 donec

96 2515 218 2566 invicem
227 2514 422 2575 reconciliatos
431 2531 493 2566 esse
502 2524 577 2566 certo
589 2513 669 2578 sciat,
678 2511 822 2580 permittat
831 2513 943 2564 Mensae

97 2585 215 2637 Domini
233 2585 292 2638 fieri
310 2584 470 2652 participes.
509 2583 638 2650 Quorum
655 2583 679 2635 si
698 2583 768 2634 alter
787 2582 882 2634 animo
902 2582 943 2634 lu-

95 2656 174 2707 benti
194 2672 307 2708 omnem
326 2655 457 2723 injuriam
473 2653 530 2707 sibi
550 2654 656 2706 factam
678 2653 759 2704 alteri
781 2653 944 2705 condonare

96 2721 174 2791 v'elit,
191 2735 219 2778 et
238 2726 298 2794 ipse
317 2725 480 2778 satisfacere
498 2741 548 2792 pro
568 2741 601 2775 eo
621 2723 696 2792 quod
717 2723 810 2791 inique
828 2723 945 2786 fecerit;

97 2797 168 2848 alter
180 2813 256 2859 vero,
269 2804 300 2848 ut
312 2812 377 2848 cum
394 2795 441 2847 illo
461 2795 490 2847 in
508 2794 637 2860 gratiam,
651 2804 732 2861 prout
753 2793 945 2846 Christianum

98 2868 190 2933 decet,
209 2866 315 2932 redeat,
335 2883 391 2918 non
410 2865 514 2917 adduci
532 2864 631 2933 possit,
651 2864 701 2916 sed
720 2864 748 2914 in
768 2863 876 2916 malitia
894 2881 946 2916 sua

99 2946 258 3004 perseveret
270 2936 448 2989 obstinatus:
466 2947 526 2986 tum
545 2935 674 2987 Minister
692 2933 877 3002 poenitentem
896 2935 946 2986 ad-

98 3007 193 3060 mittat
205 3009 242 3060 ad
257 3007 373 3061 Sacram
390 3006 634 3072 Communionem,
648 3005 820 3074 pertinacem
834 3022 900 3058 vero
910 3005 947 3057 ab

133 3081 183 3137 407
