2092 3450
302 181 338 239 litt
353 184 403 240 bia
419 185 454 243 5.
472 185 582 243 inantia
597 185 738 256 bantana.

70 320 151 370 iectus
188 324 226 369 est
261 325 343 368 autern
373 319 499 368 Barnabas
661 318 837 388 OEhattutlt'ttm.

71 385 187 443 Tarsum,
200 390 229 433 ut
245 389 363 448 quaereret
380 383 499 433 Saulum2

71 463 148 513 quem
159 463 216 497 cum
232 448 372 506 invenisset,
385 447 500 511 perduxit
639 415 665 466 S·
676 415 692 479 J
693 430 747 463 oan.
758 430 797 463 xv.
810 425 847 463 12.

71 577 211 626 conversati
226 582 284 625 sunt
299 576 334 624 ibi
344 577 371 624 in
381 575 500 624 ecclesia:
628 573 887 636 utdiligatisinvicem‚
896 573 957 621 sicut

71 648 98 690 et
114 641 252 689 docuerunt
270 640 367 688 turbam
386 639 497 697 multam,
549 638 665 687 rlexivos.
697 638 819 701 Maiorem
828 637 957 686 hacdilec·

71 705 109 754 ita
117 712 147 754 nt
155 704 386 768 cognominarentur
393 703 500 766 primurn
532 703 625 751 tionem
635 717 709 750 nemo
717 701 800 762 habet,
811 708 838 750 ut
849 702 956 750 animam

71 769 214 818 Antiochiae
225 768 347 831 discipuli,
357 767 496 816 Christiani.
532 782 602 815 snam
642 773 701 815 onat
723 767 777 831 quis
799 781 845 830 pro
872 766 958 814 amicis

71 833 247 883 Inhisautem
257 833 344 881 diebus
359 847 501 896 supervene·
532 831 588 879 suis.
649 846 677 879 os
695 830 767 878 amici
782 831 833 879 mei
852 830 917 889 estis,
936 830 957 878 si

71 903 131 946 runt
150 897 182 945 ab
196 896 356 961 Jerosolymis
372 895 500 960 prophetae
531 895 636 944 feceritis
652 910 708 959 quae
724 910 770 958 ego
787 895 904 958 praecipio
914 909 957 942 vo·

72 960 251 1010 Antiochiam:
270 968 295 1009 et
316 975 417 1023 surgens
438 975 501 1008 unus
530 959 576 1008 bis.
611 959 669 1022 Jam
686 974 739 1007 non
754 959 835 1007 dicam
851 973 896 1008 vos
908 973 957 1006 ser·

71 1025 152 1076 exeis
165 1025 266 1074 nornine
283 1024 393 1087 Agabus,
409 1023 500 1086 signifi·
531 1040 592 1072 vos:
616 1023 675 1087 quia
694 1038 777 1071 servus
798 1023 876 1071 nescit
898 1022 958 1086 qnid

71 1090 148 1138 cabat
179 1103 225 1153 per
259 1089 378 1152 Spiritum
410 1087 501 1136 famem
531 1087 605 1136 saciat
622 1087 736 1136 dominns
751 1086 810 1150 ejus.
846 1086 899 1135 Vos
915 1102 957 1134 au·

71 1168 191 1216 magnam
212 1151 319 1201 suturam
340 1152 366 1200 in
386 1153 501 1200 universo
532 1159 583 1200 tem
602 1151 654 1199 dixi
670 1152 777 1200 amicos:
800 1150 858 1215 quia
874 1151 958 1199 ornnia

73 1218 136 1267 orbe
154 1223 281 1276 terrarum
301 1232 356 1280 quae
378 1215 443 1264 lacta
465 1223 501 1264 est
533 1215 955 1280 quaecumqueaudiviaPatremeo‚

72 1282 120 1331 sub
128 1280 241 1331 Claudio.
277 1280 399 1343 Discipuli
408 1287 498 1337 autem,
532 1287 593 1328 nota
603 1280 649 1329 feci
664 1279 742 1328 vobis.
779 1279 841 1327 Non
856 1294 901 1327 vos
916 1294 958 1327 me

73 1352 150 1411 prout
170 1345 226 1410 quis
247 1344 501 1407 habebatsproposu·
533 1344 654 1407 elegistis:
670 1343 714 1392 sed
730 1359 777 1406 ego
793 1343 856 1406 elegi
867 1359 919 1401 vos,
933 1351 959 1392 et

72 1414 147 1460 erunt
170 1408 261 1472 singuli
287 1408 313 1456 in
340 1408 501 1456 ministerium
533 1408 605 1472 posui
616 1423 668 1467 vos,
682 1415 710 1456 ut
726 1408 793 1467 eatis,
813 1415 838 1456 et
853 1406 958 1455 fructum

71 1475 172 1523 mittere
189 1473 357 1522 habitantibus
373 1473 398 1520 in
414 1473 502 1536 Judaea
533 1473 647 1531 afferatis,
661 1479 686 1520 et
702 1471 793 1521 fructus
809 1478 891 1520 vester
905 1486 957 1518 ma·

71 1538 204 1587 fratribus:
236 1537 303 1602 quod
330 1544 355 1586 et
381 1536 498 1595 lecerunt,
533 1543 605 1586 neat:
621 1535 958 1600 utquodcumquepetieritis

71 1603 200 1652 mittentes
217 1603 249 1650 ad
266 1601 374 1650 seniores
389 1616 433 1664 per
448 1616 500 1648 ma·
534 1602 632 1649 Patrem
653 1601 680 1649 in
700 1601 800 1649 nomine
827 1615 891 1659 meo,
915 1600 958 1648 det

71 1681 121 1716 nus
132 1666 253 1715 Barnabae
264 1673 289 1714 et
300 1665 376 1715 Sauli.
532 1665 609 1714 vobis.

276 1801 312 1857 ibt
327 1798 377 1858 {aa
392 1799 481 1857 Sanni
497 1799 603 1856 inantia
618 1798 756 1868 bominac.

233 1918 332 1976 citatio.
589 1912 873 1983 ittrtiuntnssntatnla

140 2004 407 2118 ΜΝᾸΡΟΤέΝῒβξ
420 2004 497 2117 133⁵,
666 2009 738 2058 Isaiae
748 2008 781 2058 xl.
796 2021 816 2058 1.

162 2086 306 2134 cujusprovr
325 2085 391 2118 enra
405 2084 444 2117 am
471 2084 501 2118 us

73 2133 500 2209 tunsJoannesBaptisramirabili·
591 2103 832 2215 OfflffiLQNI’
847 2102 957 2216 ⁶⁰¹¹⁵gi¹t

74 2205 194 2249 ternatus
201 2205 246 2258 est,
258 2204 282 2247 et
290 2213 378 2247 missus
385 2204 413 2245 nt
422 2212 500 2272 poem-
560 2248 572 2280 e
685 2183 884 2232 ’1³⁰Puemeus’
925 2176 959 2216 ⁰¹t

74 2263 180 2314 tentiam
205 2262 363 2326 praedicando
386 2261 444 2309 Filii
465 2261 501 2309 tui

75 2327 213 2379 Salvatoris
231 2326 308 2376 nostri
324 2327 391 2374 viam
406 2341 500 2388 praepa·

74 2396 158 2451 raret;
178 2390 231 2439 Fac
244 2406 290 2439 nos
301 2389 353 2454 ejus
364 2390 502 2438 doctrinam

75 2462 101 2505 et
120 2461 232 2504 sanctam
249 2455 327 2503 vitam
344 2454 380 2502 ita
401 2453 499 2512 imitari,

75 2527 200 2569 atteram
214 2530 315 2582 agamus
331 2517 503 2582 poenitentiam

74 2584 146 2648 juxta
152 2583 233 2696 &isius
243 2581 444 2657 praedicationem
455 2598 463 2641 ;
479 2587 504 2630 et

75 2662 152 2698 secun
228 2662 280 2710 ejus
295 2646 435 2710 exemplum
446 2661 503 2694 con·

70 512 242 562 Antiochiam
278 512 312 560 Et
320 527 411 560 annum
420 518 500 560 totum
532 509 653 686 ῌΟΕ
662 515 854 573 estpraeceptum
862 523 953 567 meum,

573 2247 602 2280 us
623 2238 709 2281 vester.
761 2232 904 2296 Loquimini
925 2233 958 2280 ad

534 2312 576 2345 cor
607 2295 752 2360 Jerusalem,
788 2304 813 2344 et
840 2297 958 2345 advocate

533 2376 603 2409 earn:
630 2360 747 2424 quoniam
773 2361 897 2424 completa
922 2366 959 2409 est

533 2424 628 2472 malitia
637 2423 697 2487 ejus,
708 2423 809 2472 dimissa
824 2432 860 2474 est
871 2424 959 2488 iniqui·

534 2496 572 2537 tas
591 2488 671 2537 iilius:
698 2489 805 2552 suscepit
831 2489 863 2537 de
884 2503 958 2536 manu

535 2552 639 2600 Domini
657 2553 765 2616 duplicia
782 2567 828 2615 pro
845 2552 960 2600 omnibus

535 2616 642 2691 peccatis
660 2617 716 2665 suis.
756 2615 814 2665 Vox
831 2615 960 2664 clamantis

75 2717 170 2762 stanter
191 2710 351 2760 confiteamur
365 2710 502 2768 veritatem,
535 2696 568 2755 m·
580 2680 692 2729 deserto:
715 2679 803 2728 Parate
821 2680 887 2728 viam
907 2679 959 2726 Do·

75 2777 155 2826 libere
171 2775 275 2825 crimina
288 2773 502 2838 reprehendamus,
535 2745 604 2820 mmi’
617 2752 696 2820 recta?
706 2744 778 2818 facit?
789 2743 815 2791 in
829 2741 961 2818 ⁵⁰litff¹di¹¹e

535 2816 635 2858 semitas
646 2809 786 2857 De1nostn.
814 2806 960 2856 Ommsval·

76 2856 107 2890 ω
138 2854 186 2904 pm
212 2839 366 2915 ⁰9nfe⁵⁵i⁰ne
395 2837 505 2886 veritatis
535 2872 566 2921 lis
582 2872 728 2921 exaltabitur
753 2878 778 2920 et
795 2870 875 2920 omnis
889 2885 961 2920 mons

75 2902 145 2954 mah
179 2910 303 2968 panem
344 2901 501 2966 perferamus
536 2943 561 2986 et
577 2936 647 2985 collis
662 2907 837 2994 humiliabitur,
851 2940 876 2984 et
891 2943 961 2984 erunt

77 2968 127 3018 Per
147 2967 253 3044 ’ΜΨ
273 2967 359 3032 Jesmn
377 2966 503 3015 Chfimm
553 3015 612 3049 rava
628 3000 655 3048 in
673 3000 773 3058 directa,
792 3005 817 3048 et
878 3014 920 3049 era
934 3000 960 3047 in

76 3033 215 3082 Dominum
225 3040 343 3081 nostrum.
378 3031 471 3080 Anien.
535 3017 589 3114 ξω
614 3063 709 3129 planas.
756 3064 790 3112 Et
816 3014 961 3113 oeffiabim

144 3143 191 3196 ¹²⁹
514 3137 524 3176 1
