2092 3450
416 218 718 314 &ruminatio

140 393 210 446 SEU
228 392 486 444 DENUNTIATIO
507 392 581 442 IRAE
596 390 907 456 JUDICIORUMQUE
923 391 988 442 DEI

355 457 505 507 CONTRA
523 456 766 516 PECCATORES,

118 569 178 607 CUM
191 569 357 615 QUIBUSDAM
366 568 563 616 0RATIONIBIIS,
574 569 606 605 IN
618 568 707 605 PRIMO
716 569 766 605 DIE
774 567 1004 614 QUADRAGESIMAE

150 635 185 670 ET
201 634 274 670 ALIIS
291 633 478 682 TEMPORIBUS,
497 633 589 671 PROUT
605 632 765 671 ORDINARIO
781 632 871 670 VISUM
889 633 1001 683 FUERIT,

150 698 299 736 FACIENDA.

122 789 178 836 l‘ost
193 787 342 847 MatutinaS,
358 786 459 835 Litania
474 803 544 836 nrore
562 797 680 837 consueto
698 788 775 848 finita,
790 789 857 838 dicat
877 790 1005 849 Sacerdos,
1040 776 1042 783 ἲ

273 853 298 900 in
311 853 368 901 loco
380 852 423 901 ubi
436 852 554 903 Officium
565 852 635 916 legit,
649 855 729 902 autin
742 853 852 918 Pulpito,

177 941 329 1000 RATRES,
340 940 367 989 in
376 940 487 990 Ecclesia
495 942 544 1005 pri·
615 944 998 1053 Respondeaffopulusfimm.

199 1006 286 1054 mitiva
294 1006 395 1069 piaerat
403 1005 541 1069 disciplina,
615 1010 736 1059 Minister.
795 1005 916 1055 aledictus
960 1007 1002 1071 qui

117 1070 251 1119 secundnm
262 1086 336 1133 quam
349 1070 420 1119 initio
432 1070 544 1132 Quadra·
576 1069 730 1119 maledixerit
741 1071 805 1133 patri
817 1069 856 1119 vel
867 1071 949 1120 matri,

118 1135 225 1198 gesimae‚
245 1136 280 1183 rei
296 1135 482 1183 manifestorum
499 1135 544 1183 cri-
614 1151 690 1212 pesp,
704 1136 793 1184 Amen.

117 1200 219 1259 minum,
234 1199 344 1262 injuncta
354 1198 454 1263 publica
464 1199 544 1262 poeni·
613 1215 649 1262 M·
671 1216 734 1264 ister·
766 1197 917 1248 Maledictus
960 1199 1001 1263 qni

118 1265 202 1323 tentia,
227 1264 253 1312 in
275 1262 324 1312 hoc
346 1263 436 1312 saeculo
457 1264 543 1328 punie·
575 1232 690 1312 transl’eit
736 1262 854 1312 terminos
896 1262 1000 1327 proximi

116 1329 213 1388 bantur,
227 1336 255 1376 ut
271 1329 371 1391 spiritus
387 1327 448 1376 salvi
463 1335 544 1376 essent
575 1327 620 1377 sui.

116 1393 143 1440 in
160 1393 209 1441 Die
227 1393 338 1451 Domini,
358 1399 383 1440 et
400 1391 442 1439 alii
459 1408 544 1440 eorum
613 1393 688 1454 Resp.
703 1393 792 1440 Amen.

117 1457 230 1520 exemplo
252 1456 374 1505 admoniti
397 1456 478 1504 minus
500 1472 543 1504 au·
611 1459 733 1506 Minister.
765 1454 916 1504 Maledictus
958 1455 999 1519 qui

117 1521 203 1569 derent
214 1536 323 1584 peccare.
575 1530 654 1568 errare
665 1518 723 1568 lacit
735 1535 827 1568 caecum
838 1520 864 1569 in
876 1520 970 1569 itinere.

149 1585 226 1648 Cujus
237 1585 294 1634 loco
305 1584 449 1647 disciplinae,
463 1583 543 1633 donec
610 1595 685 1655 Resp,
702 1586 791 1633 Amen.

116 1650 209 1698 restitui
232 1649 347 1713 potuerit,
374 1648 451 1712 (quod
470 1649 542 1696 valde
610 1647 998 1711 Ministes‚Maledictusquiper-

116 1715 253 1776 optandum
275 1715 330 1772 est),
354 1713 434 1760 visum
456 1720 492 1761 est
515 1721 542 1761 ut
574 1713 645 1760 vertit
653 1711 773 1775 judicium
781 1712 890 1771 advenae,
901 1712 996 1777 pupilli,

117 1779 164 1826 hoc
180 1786 291 1840 tempore
308 1793 390 1825 coram
401 1777 472 1826 vobis
489 1794 541 1825 om-
573 1784 598 1825 et
609 1777 697 1825 viduae.

116 1843 187 1890 nibus
209 1843 322 1904 legantur
343 1841 469 1904 generales
487 1858 541 1890 sen·
610 1849 686 1909 Resp.
701 1843 789 1889 Amen.

116 1910 198 1955 tentiae
215 1908 306 1954 divinae
322 1905 502 1954 maledictionis
515 1907 541 1953 in
609 1913 730 1960 Minister,
765 1904 914 1954 Maledictus
958 1905 998 1968 qui

115 1979 255 2033 peccatores
272 1971 416 2028 obstinatos,
431 1971 541 2018 evicesi-
572 1969 636 2017 clam
675 1969 820 2032 percusserit
859 1968 998 2033 proximum

115 2051 156 2082 mo
168 2036 274 2098 septimo
292 2035 372 2098 capite
386 2035 540 2083 Deuterono-
572 2050 650 2082 suum.

115 2100 166 2157 mii,
190 2106 214 2147 et
236 2100 291 2147 aliis
314 2099 448 2162 Scripturae
469 2099 537 2157 locis,
608 2107 684 2167 Resp,
701 2100 789 2146 Amen.

114 2164 258 2226 desumptae,
279 2170 303 2211 et
319 2179 364 2211 vos
384 2164 415 2210 ad
434 2163 540 2226 singulas
607 2171 729 2218 Minister,
763 2162 913 2210 Maledictus
957 2162 997 2225 qui

114 2224 246 2275 sententias
256 2228 430 2290 respondeatis,
442 2230 540 2276 Anzan:
572 2225 663 2274 dormit
697 2242 753 2274 cum
784 2242 861 2274 uxore
892 2227 997 2290 proximi

114 2307 164 2354 quo
183 2295 269 2354 magis,
291 2292 322 2339 de
341 2292 410 2353 gravi
428 2292 539 2354 indigna·
572 2293 616 2339 sui.

114 2358 181 2404 tione
210 2357 258 2403 Dei
288 2364 373 2404 contra
400 2364 540 2418 peccatores
608 2363 683 2425 ltesp.
700 2356 788 2402 Amen.

114 2421 242 2479 admoniti,
258 2421 289 2467 ad
304 2436 387 2468 veram
404 2421 540 2483 seriamque
607 2428 727 2475 Minister,
746 2418 896 2466 Maledictus
905 2420 947 2482 qui
959 2435 996 2467 ac·

114 2485 285 2547 poenitentiam
306 2485 453 2542 excitemini,
473 2492 497 2532 et
514 2485 539 2532 in
571 2482 632 2547 cipit
647 2499 756 2540 munera,
770 2490 798 2530 ut
811 2484 934 2546 percutiat
945 2483 995 2531 ani-

114 2550 180 2598 hisce
191 2550 277 2597 diebus
291 2549 433 2611 periculosis
445 2549 539 2597 cautius
571 2563 638 2595 mam
649 2547 773 2610 sanguinis
784 2549 929 2596 innocentis.

114 2614 275 2672 ambulantes,
290 2614 334 2661 illa
349 2613 409 2660 vitia
426 2613 539 2661 devitetis
607 2616 681 2675 Resp.
699 2614 787 2660 Amen.

114 2695 169 2740 quae
181 2675 264 2726 divina
281 2677 452 2726 maledictione
464 2677 540 2740 digna
606 2679 726 2726 Minister,
750 2675 899 2724 Maledictus
920 2676 995 2723 homo

114 2759 166 2791 esse
177 2743 277 2807 proprio
290 2758 332 2790 ore
343 2742 474 2790 affirmatis.
570 2739 612 2804 qui
624 2740 725 2788 contidit
734 2740 760 2787 in
771 2740 879 2799 homine,
893 2748 916 2788 et
926 2742 994 2804 ponit

570 2820 668 2853 carnem
685 2804 813 2852 brachium
835 2820 914 2863 suum,
938 2813 961 2853 et
981 2820 994 2852 a

199 2871 404 2920 ALEDICTUS
414 2871 537 2933 homoqui
571 2870 680 2918 Domino
692 2868 783 2917 recedit
795 2884 838 2916 cor
849 2869 908 2932 ejus.

222 2936 280 2983 sacit
289 2935 402 2999 sculptile
413 2943 437 2984 et
447 2936 536 2984 confla·
607 2945 679 3004 Resp.
697 2935 722 2981 Α
725 2949 785 2981 men.
1041 2963 1042 2972 i

114 2999 163 3057 tile,
177 3007 204 3047 ut
216 3001 300 3048 adoret
312 3000 380 3050 illud.
604 3008 723 3056 Minister.
744 2996 873 3047 Maledicti
888 2997 991 3047 immise-
1034 3017 1042 3071 r*

178 3077 226 3111 210
