2092 3450
101 150 159 197 Dies
174 150 217 199 Vl.
481 151 593 217 Datim.
856 157 905 205 Ad
912 156 978 209 Mat.

120 301 163 351 Ad
189 316 319 368 vesperum
347 303 516 369 demorabitur
546 307 584 353 ter
593 301 696 353 Nomen
711 310 781 354 taum
797 302 908 355 deduces
922 320 972 367 me,

88 365 159 416 fletus
178 382 185 417 ε
205 374 230 417 et
251 368 285 417 ad
305 368 453 419 matutinum
471 368 513 418 lae·
545 374 570 417 et
581 366 687 417 enutries
696 382 745 418 me.

87 431 149 480 titia
577 430 677 481 Educes
686 446 727 482 me
741 431 775 481 dc
789 431 883 497 laqueo
899 448 973 499 quem

120 496 177 571 Ego·
196 502 279 544 autem
303 494 354 544 dixi
381 496 408 545 in
435 496 512 545 abun·
545 494 726 545 absoonderunt
743 495 808 545 mihi
828 512 836 546 ε
853 497 974 563 quoniam

86 558 172 609 dantia
187 575 243 609 mea
257 560 336 610 :Nou
351 559 472 610 movebor
487 561 513 609 in
525 564 528 569 ’
545 567 572 608 tu
583 575 609 609 ss
619 566 743 623 protector
753 576 831 610 meus.

85 631 211 673 aeternum
578 622 609 672 ln
632 638 719 673 manus
745 631 802 674 tuas
822 627 973 676 commendo

117 689 234 748 Domine,
253 687 280 735 in
294 688 422 738 voluntate
443 696 486 738 tua
508 707 515 738 :
543 702 555 735 s
573 687 656 737 irimm
666 703 750 737 meum
761 705 769 737 r
779 688 909 741 redemisti
921 706 970 751 me,

86 752 220 814 praestitisti
246 752 330 802 decori
357 769 414 803 meo
437 754 512 802 virtu·
570 752 653 800 omine
663 751 732 801 Deus
743 753 860 803 veritatis.

86 826 142 866 tem
295 864 299 871 ,
575 815 658 865 Odisti
667 816 971 869 observantesvanitatesz

117 879 511 932 Avertistisaciemtuamame:
542 894 571 928 su
631 895 698 929 acue

84 951 109 992 et
119 944 198 995 sactus
208 961 263 995 sum
274 947 439 996 conturbatus.
614 960 630 994 o
646 952 729 993 autem
745 944 772 993 in
786 945 902 996 Domino
917 962 970 1012 spe-

38 1058 40 1064 ,
117 1008 160 1056 Ad
170 1016 202 1069 te,
213 1010 330 1070 Domine,
345 1011 511 1060 clamaboret
541 1007 593 1056 ravi
608 1026 615 1056 ε
631 1007 759 1058 exsultabo
777 1017 803 1059 et
824 1010 930 1061 laetabor
945 1013 970 1061 in

85 1072 116 1120 ad
128 1071 211 1122 Deum
222 1090 305 1124 meum
315 1075 473 1139 deprecabor.
540 1071 707 1121 misericordia
718 1080 767 1122 tua

118 1137 181 1198 Quae
207 1139 301 1188 utilitas
333 1139 360 1188 in
392 1140 510 1202 sanguine
573 1135 699 1199 Quoniam
720 1137 849 1201 respexisti
870 1138 969 1189 humili·

84 1216 140 1250 meo
152 1202 510 1268 edumdescendoincormp-
542 1206 616 1249 tatem
636 1216 717 1250 meam
737 1201 860 1253 :salvasti
878 1203 912 1253 dc
927 1220 968 1253 ne·

84 1266 197 1316 tionem?
541 1264 693 1314 cessitatibus
704 1265 813 1315 animam
824 1282 915 1317 meam.

116 1329 246 1396 Numquid
277 1331 436 1381 confitebitur
463 1332 510 1381 tibi
573 1329 628 1378 Nec
644 1329 784 1379 conclusisti
800 1331 968 1381 meinmani·

83 1394 163 1457 pulvis
183 1413 190 1444 ε
209 1402 252 1445 aut
273 1396 429 1445 annuntiabit
447 1396 509 1446 ven‘·
540 1391 587 1441 bus
605 1392 698 1442 inimici
718 1394 850 1445 :statuisti
868 1393 897 1445 in
913 1396 968 1446 loco

83 1462 259 1510 tatemtuam?
539 1459 649 1520 spatioso
660 1457 736 1522 pedes
746 1473 823 1508 meos.

115 1523 219 1573 Audiuit
234 1524 365 1582 Dominus,
384 1532 410 1574 et
424 1524 508 1573 miser·
572 1520 691 1571 Miserere
703 1522 760 1581 mei,
774 1522 894 1582 Domine,
907 1538 968 1589 quo·

82 1593 121 1635 tus
144 1594 180 1636 est
197 1588 246 1637 mei
265 1588 410 1638 :Dominus
431 1588 509 1638 lactus
539 1585 607 1633 niam
618 1585 722 1634 tribulor
736 1587 916 1637 :conturbatus
931 1595 968 1638 aet

82 1657 118 1698 est
130 1651 228 1714 adjutor
237 1668 313 1702 meus.
539 1649 565 1696 in
576 1649 612 1697 ira
623 1649 708 1698 oculus
719 1666 795 1709 meus,
807 1651 892 1700 anima
901 1668 964 1712 mea,

115 1715 263 1765 Convertisti
280 1717 406 1780 planctum
425 1732 508 1766 meum
539 1720 564 1762 et
575 1720 660 1762 venter
670 1730 746 1763 meus.

81 1779 107 1826 in
126 1781 244 1842 gaudium
263 1781 324 1829 mihi
345 1781 508 1830 rconscidisti
572 1777 696 1839 Quoniam
720 1778 810 1827 defecit
832 1778 859 1827 in
881 1779 967 1829 dolore

83 1859 180 1892 saccum
188 1860 279 1904 meum,
291 1853 316 1894 et
327 1845 508 1895 circumdedisti
538 1841 590 1889 vita
601 1857 657 1890 mea
669 1859 675 1891 τ
687 1849 711 1891 et
722 1843 781 1892 anni
791 1843 842 1892 mei
852 1843 880 1892 in
890 1845 966 1908 gemi-

82 1923 123 1955 me
134 1907 225 1958 laetitia
539 1905 610 1954 tibus.

116 1972 152 2021 Ut
170 1979 252 2022 cantet
274 1973 318 2022 tibi
340 1973 420 2036 gloria
441 1989 504 2033 mea,
556 1968 700 2044 'Infirmata
720 1977 756 2020 est
775 1969 802 2019 in
821 1980 966 2036 paupertate

82 2043 106 2083 et
128 2051 180 2084 non
204 2052 355 2100 compungar
375 2038 508 2087 :Domine
537 2041 614 2082 virtus
631 2050 687 2083 mea
701 2052 707 2084 t
723 2044 747 2084 et
763 2050 819 2084 ossa
835 2052 893 2085 mea
909 2051 965 2086 con·

81 2100 150 2148 Deus
169 2115 245 2162 meus,
264 2104 291 2150 in
310 2109 429 2150 aeternum
449 2118 506 2151 con·
538 2098 636 2147 turbata
646 2108 723 2148 sunt:

82 2163 169 2212 fitebor
180 2164 232 2213 tibi.
571 2161 652 2226 Super
667 2178 753 2212 omnes
768 2162 883 2213 inimicos
898 2179 966 2214 meos

538 2225 616 2275 sactus
643 2242 698 2275 sum
724 2228 886 2291 opprobrium
908 2229 965 2278 vici·

537 2290 576 2339 nis
591 2291 653 2340 meis
665 2291 756 2341 valde:
774 2299 799 2341 et
815 2292 892 2341 timor
901 2294 966 2342 notis

172 2354 301 2404 Psanuus
316 2355 411 2406 XXXI.
537 2355 606 2404 meis.

570 2419 620 2482 Qui
642 2419 759 2468 videbant
778 2435 827 2480 me,
847 2420 914 2470 foras
929 2421 964 2470 lu·

121 2480 147 2526 N
159 2486 191 2539 te,
203 2479 319 2541 Domine,
334 2481 443 2544 speravi;
456 2498 506 2531 non
537 2490 624 2546 gerunt
640 2499 656 2532 a
672 2499 712 2533 me
731 2501 738 2532 ε
755 2484 875 2534 oblivioni
893 2487 965 2534 datus

147 2544 317 2593 confundarin
329 2554 448 2594 aeternum
463 2547 506 2596 :in
537 2563 599 2606 sum,
641 2554 759 2613 tanquam
798 2557 912 2598 mortuus
950 2565 964 2597 a

77 2608 172 2669 justitia
183 2617 226 2657 tua
236 2609 313 2658 libera
324 2625 370 2658 me.
537 2611 618 2660 corde.

112 2672 208 2721 inclina
219 2674 249 2721 ad
261 2689 302 2722 me
318 2689 402 2723 aurem
416 2681 484 2722 tuam
499 2692 505 2724 ε
571 2676 660 2724 Factus
668 2691 723 2724 sum
731 2684 850 2741 tanquam
859 2693 902 2727 vas
911 2693 964 2742 per·

80 2738 226 2786 accelerant
238 2753 307 2786 eruas
318 2754 364 2786 me.
536 2739 616 2789 ditum
635 2758 642 2789 r
662 2743 778 2804 quoniam
800 2742 884 2790 audivi
902 2743 963 2792 vitu·

111 2802 172 2850 Esto
191 2802 252 2850 mihi
269 2802 295 2850 in
311 2803 393 2851 Deum
409 2808 504 2866 protec-
537 2805 688 2867 perationem
703 2805 837 2854 multorum
854 2821 962 2855 commo·

80 2872 165 2925 torem,
177 2873 202 2915 et
213 2867 238 2914 in
249 2867 351 2915 domum
362 2867 449 2931 refugii
460 2885 466 2916 ε
477 2876 505 2916 ut
536 2869 643 2916 rantium
654 2869 680 2917 in
690 2870 800 2918 circuitu.

80 2928 174 2977 salvum
185 2946 225 2979 me
237 2930 318 2979 facias.
569 2931 600 2981 In
611 2949 640 2981 eo
648 2932 708 2982 dum
720 2934 879 2983 convenirent
890 2934 963 2984 simul

111 2993 235 3055 Quoniam
263 2995 380 3044 fortitudo
402 3011 458 3044 mea
480 3002 504 3044 et
535 2996 664 3046 adversum
685 3013 727 3046 me
746 3016 753 3048 r
775 2999 887 3063 accipere
911 2999 961 3049 ani·

78 3057 198 3120 refugium
208 3074 291 3108 meum
303 3075 329 3108 es
340 3067 368 3109 tu
379 3067 419 3110 :et
430 3075 503 3124 prop·
535 3075 602 3110 marn
613 3076 694 3111 meam
706 3062 828 3113 consiliati
839 3072 903 3114 sunt.

140 3134 188 3184 232
