2092 3450
114 111 173 159 Dies
185 114 238 160 Ill.
501 115 612 181 ἰΒὸἃῙῐῐῐὶ.
875 127 922 173 Ad
930 125 992 174 Mat.

112 240 164 290 lum
179 247 222 292 :et
237 242 397 307 opprobrium
407 258 458 292 non
469 258 536 292 acce·
567 242 634 292 niam
655 258 672 292 a
695 244 787 293 dextris
812 250 850 294 est
875 243 939 294 mihi
962 259 992 294 ue

113 306 150 367 pit
161 306 276 356 adversus
287 308 412 372 proximos
423 323 486 357 suos.
568 323 731 357 commovear,

145 370 188 419 Ad
204 372 308 420 nihilum
324 372 444 420 deductus
458 379 495 421 est
511 371 538 420 in
601 372 705 437 Propter
714 373 762 422 hoc
777 372 890 422 laetatum
905 380 943 423 est
953 389 994 423 cor

114 443 246 499 conspectu
265 436 317 498 ejus
335 436 458 499 malignus
481 453 487 484 ε
507 437 536 485 ti·
567 452 658 497 meum,
692 444 717 486 et
748 438 879 486 exsultavit
911 438 993 502 lingua

112 509 207 548 mentes
218 508 300 549 autem
316 500 452 549 Dominum
462 501 537 564 glori·
567 517 624 549 mea
642 519 648 550 ι
665 501 764 565 insuper
778 509 803 550 et
815 517 874 551 caro
888 518 947 552 mea
958 517 993 552 re·

112 564 169 612 ficat
180 581 185 611 :
568 566 677 630 quiescet
688 566 715 614 in
725 580 777 630 spa

146 628 196 690 Qui
215 627 282 692 jurat
302 629 416 693 proximo
437 645 490 688 suo,
513 637 538 679 et
602 629 726 691 Quoniam
758 645 810 678 non
839 630 993 695 derelinques

112 708 162 741 uon
184 693 276 756 decipit
305 711 312 741 r
339 694 382 758 qui
406 695 537 757 pecuniam
568 695 676 743 animam
687 694 914 744 meamininierno
929 713 937 744 τ
950 709 993 744 nec

112 772 181 804 suam
197 772 248 806 non
264 757 333 806 dedit
349 759 381 805 ad
393 774 498 819 usuram,
512 766 537 807 et
567 759 638 806 dabis
649 766 760 807 sanctum
771 765 841 807 tuum
850 759 936 809 videre
944 775 993 809 cor·

111 837 213 882 munera
228 837 302 886 super
315 821 471 872 innocentem
486 839 537 872 non
566 823 713 886 ruptionem.

111 885 212 948 accepit.
600 887 681 936 Notas
692 885 753 935 mibi
764 886 843 936 fecisti
855 887 908 936 vias
916 888 974 936 vitae
987 905 993 936 ε

144 949 194 1011 Qui
205 949 263 999 facit
274 950 327 999 haec
345 969 351 1000 ι
365 967 416 1000 non
427 953 537 1002 movebi-
569 951 715 1016 adimplebis
722 967 762 1000 me
769 951 856 1000 laetitia
862 967 921 1000 curn
926 952 992 1001 vultu

111 1015 187 1062 turin
197 1023 323 1065 aeternum.
569 1024 631 1077 tuo;
652 1015 827 1065 delectationes
847 1016 874 1064 in
893 1017 993 1066 dextera

568 1088 611 1129 tua
620 1096 698 1145 usque
708 1080 735 1128 in
746 1080 828 1130 finem.

214 1169 343 1218 Pseuuus
357 1169 430 1219 XVI.

171 1271 342 1321 ONSERVA
355 1288 403 1332 me,
418 1272 534 1332 Domine,
664 1234 793 1282 Psaunus
810 1232 899 1282 XVIL

202 1336 321 1400 quoniam
336 1337 433 1400 speravi
448 1338 474 1386 in
491 1344 537 1387 te:
632 1334 760 1394 XAUDI,
783 1334 901 1394 Domine,
924 1333 993 1398 justi·

111 1399 162 1447 dixi
173 1399 291 1459 Domino,
304 1400 373 1449 Deus
381 1417 450 1449 meus
461 1417 487 1450 es
498 1409 533 1461 tu,
664 1400 725 1448 tiam
751 1414 833 1447 meam
863 1416 870 1448 a
894 1398 994 1448 intende

111 1464 227 1526 quoniam
237 1464 360 1513 bonorum
367 1480 479 1514 meorum
486 1482 536 1515 non
568 1464 765 1528 deprecationem
776 1478 865 1512 meam

111 1543 174 1590 eges.
599 1529 709 1577 Auribus
730 1527 830 1591 percipe
856 1527 993 1576 orationem

144 1592 240 1640 Sanctis
266 1592 308 1655 qui
335 1600 392 1641 sunt
419 1593 445 1641 in
472 1601 535 1643 terra
567 1608 649 1641 meam
668 1610 674 1641 z
690 1608 741 1640 non
753 1592 778 1639 in
789 1591 862 1640 labiis
873 1592 974 1641 dolosis.

111 1655 162 1717 ejus
181 1674 187 1703 :
204 1656 341 1704 mirificavit
353 1673 438 1706 omnes
449 1659 535 1707 volun·
599 1657 640 1705 De
650 1657 719 1705 vultu
729 1663 771 1704 tuo
780 1655 901 1718 judicium
910 1671 992 1704 meum

111 1728 172 1768 tates
183 1721 340 1769 measineis.
566 1723 670 1784 prodeat
700 1738 706 1768 z
734 1720 799 1768 oculi
829 1721 866 1768 tui
893 1721 992 1769 videant

143 1784 315 1847 Multiplicatae
346 1792 403 1834 sunt
434 1787 534 1836 infirmi·
566 1787 699 1849 aequitates.

111 1856 172 1895 tates
184 1865 268 1896 eorum
290 1867 297 1897 r
316 1859 403 1913 postea
416 1853 533 1901 accelera·
599 1849 712 1898 Probasti
728 1864 877 1908 cormeum,
897 1856 922 1897 et
937 1849 991 1897 visi·

110 1920 202 1960 verunt.
567 1915 624 1963 rasti
641 1922 713 1962 nocte
736 1932 742 1961 z
765 1912 822 1976 igne
840 1929 882 1961 me
902 1914 991 1961 exami-

142 1977 201 2024 Non
207 1979 361 2041 congregabo
367 1981 536 2029 conventicula
567 1980 637 2039 uasti,
651 1984 676 2027 et
690 1994 741 2026 non
752 1985 789 2026 est
804 1977 904 2025 inventa
915 1978 942 2026 in
953 1993 992 2026 me

110 2056 194 2088 eorum
221 2042 253 2089 de
280 2044 438 2105 sanguinibus
461 2063 468 2093 ε
490 2062 535 2095 nec
567 2044 688 2107 iniquitas.

109 2121 205 2153 memor
212 2122 253 2155 cro
260 2109 388 2156 nominum
400 2125 484 2158 eorum
492 2127 536 2174 per
600 2109 636 2158 Ut
658 2124 708 2156 non
727 2106 843 2170 loquatur
861 2121 889 2154 os
908 2122 991 2154 meum

110 2169 175 2216 labia
186 2186 248 2219 mea.
566 2189 641 2236 opera
648 2172 777 2220 hominum
790 2189 795 2218 :
807 2179 909 2234 propter
917 2171 991 2219 verba

142 2235 264 2284 Dominus
296 2253 352 2299 pars
384 2238 534 2287 haereditatis
566 2239 687 2285 labiorum
702 2244 800 2284 tuorum
812 2250 858 2297 ego
871 2235 991 2283 custodivi

109 2314 178 2357 meae,
193 2306 217 2347 et
229 2300 310 2349 calicis
322 2302 370 2349 mei
392 2320 398 2349 z
418 2310 480 2350 tues
492 2305 534 2367 qui
566 2303 617 2349 vias
629 2303 708 2349 duras.

109 2363 220 2412 restitues
252 2366 420 2414 haereditatem
453 2383 533 2415 meam
598 2366 690 2413 Perfice
709 2380 805 2428 gressus
825 2379 895 2412 meos
911 2364 937 2412 in
955 2380 990 2412 se·

109 2429 177 2476 mihi.
564 2432 630 2479 mitis
641 2431 689 2478 tuis
710 2448 715 2477 :
735 2435 829 2476 utnon
846 2436 992 2476 moveantur

141 2494 223 2542 Funcs
251 2495 389 2542 ceciderunt
416 2495 478 2543 milri
508 2497 534 2545 in
564 2496 667 2558 vestigia
678 2510 740 2542 mea,

109 2559 231 2622 praeclaris
257 2577 263 2606 z
285 2559 375 2607 etenim
402 2559 532 2610 haereditas
596 2559 652 2623 Ego
663 2557 775 2616 clamavi,
789 2557 906 2620 quoniam
919 2573 991 2604 exau·

41 2626 44 2633 '
109 2639 164 2671 mea
175 2623 292 2686 praeclara
302 2631 338 2671 est
349 2624 417 2672 milri.
566 2625 623 2673 disti
634 2641 681 2682 me,
697 2624 765 2671 Deus
783 2640 789 2670 r
804 2621 896 2669 inclina
907 2637 991 2669 aurem

141 2688 290 2735 Benedicam
319 2689 462 2749 Dominum,
490 2691 532 2754 qui
565 2698 632 2737 tuam
660 2688 729 2748 mihi,
754 2694 779 2735 et
802 2686 892 2734 exaudi
916 2686 992 2734 verba

108 2752 192 2801 tribuit
214 2753 275 2800 mihi
296 2753 449 2803 intellectum
469 2773 475 2804 ι
494 2756 531 2803 in·
564 2770 625 2802 mea.

107 2825 219 2879 superet
238 2834 315 2881 usque
332 2818 363 2866 ad
380 2829 479 2868 noctem
495 2821 531 2868 in·
597 2817 704 2866 Mirifice
718 2815 898 2865 misericordias
915 2821 991 2862 tuas:

108 2889 251 2943 crepuerunt
263 2899 303 2932 me
314 2900 383 2932 renes
394 2885 451 2933 mei.
565 2884 607 2948 qui
618 2883 698 2932 salvos
709 2881 768 2929 facis
779 2887 907 2943 sperantes
918 2880 944 2927 in
956 2887 986 2927 te.

140 2946 304 2995 Providebam
336 2949 473 2997 Dominum
504 2949 531 2997 in
596 2949 621 2996 A
638 2946 804 2995 resistentibus
819 2945 927 2992 dexterae
942 2950 990 2991 tuae

108 3019 240 3072 conspectu
256 3027 313 3061 meo
329 3029 426 3077 semper
444 3030 450 3064 :
471 3029 531 3079 quo·
565 3013 661 3062 custodi
669 3026 709 3060 me
724 3028 731 3060 z
745 3017 773 3058 ut
784 3009 906 3073 pupillam
915 3007 985 3057 oculi

168 3087 219 3124 222
