2092 3450
295 133 331 190 ln
347 134 525 202 &deificatione
542 138 635 196 beatas
651 140 763 201 itariae.

86 295 178 355 videas,
208 301 233 344 et
266 295 391 359 implearis
419 294 513 359 Spiritu
678 300 850 369 fihgngglmm,

87 359 187 409 Sancto.
225 361 257 409 Et
273 360 402 408 confestim
419 359 512 408 cecide·
543 407 547 418 ,
648 390 753 440 SMatt
770 390 818 438 xix
831 399 863 451 ²7

85 432 142 473 runt
164 426 196 473 ab
218 425 295 473 oculis
317 423 369 486 ejus
395 431 512 486 tanquam
668 427 673 440 ¹
754 427 760 439 '
864 425 870 439 '

85 505 201 552 squamae‚
223 496 247 537 et
262 489 342 536 visum
358 488 450 550 recepit
457 505 465 547 ;
487 495 513 536 et
614 485 859 537 ESPONDENS
884 486 970 535 Petrus

86 569 186 616 surgens
197 553 333 617 baptizatus
344 559 387 600 est
415 552 512 600 Etcum
641 551 970 616 dixitJesquccenosreli·

86 617 218 681 accepisset
246 617 335 675 cibum,
362 616 513 665 confortatus
543 617 640 680 quimus
648 617 740 676 omnia,
754 623 779 664 et
794 615 870 664 secuti
887 630 970 663 sumus

86 689 128 730 est
162 682 218 728 Fuit
229 688 310 729 autem
319 696 375 729 cum
386 679 513 744 discipulis
543 687 578 729 te:
594 681 654 745 quid
665 696 724 743 ergo
735 681 781 728 erit
791 680 882 728 nobis?
899 680 970 743 Jesus

85 747 127 809 qui
139 753 208 793 erant
219 746 335 793 Damasci
346 760 391 808 per
401 745 454 793 dies
468 744 512 792 ali·
543 752 625 793 autem
648 744 710 793 dixit
731 744 791 792 illis:
812 743 897 791 Amen
913 743 970 791 dico

84 817 151 873 quot.
174 810 206 857 Et
217 810 334 858 continuo
345 809 371 857 in
382 809 512 872 synagogis
542 809 620 868 vobis,
635 810 702 874 quod
713 824 758 857 vos
768 808 811 872 qui
822 807 899 856 secuti
913 807 969 856 estis

84 874 234 936 praedicabat
242 874 335 936 Jesum,
346 874 463 937 quoniam
471 874 512 921 hic
542 889 590 932 me,
611 874 637 921 in
659 873 842 936 regeneratione
860 887 917 920 cum
933 887 968 920 se·

84 945 120 986 est
132 937 210 986 Filius
222 939 277 986 Dei.
314 938 453 1002 Stupebant
469 953 512 986 au·
542 938 605 986 derit
627 937 706 986 Filius
726 937 844 985 Hominis
865 936 893 983 in
912 936 969 984 sede

84 1009 134 1050 tem
157 1017 243 1051 omnes
264 1002 307 1065 qui
326 1003 467 1061 audiebant,
487 1010 511 1050 et
540 1001 675 1065 majestatis
691 1017 749 1061 suae,
763 1000 879 1050 sedebitis
891 1007 916 1048 et
925 1015 970 1049 vos

84 1066 214 1120 dicebant:
242 1066 334 1115 Nonne
351 1067 393 1114 hic
410 1073 447 1114 est
467 1067 510 1129 qui
541 1081 614 1130 super
641 1066 712 1114 sedes
738 1065 878 1124 duodecim,
903 1064 968 1127 judi·

84 1130 240 1193 expugnabat
259 1131 285 1178 in
307 1131 445 1195 Jerusalem
469 1146 511 1179 eos
541 1138 625 1179 cantes
639 1130 771 1179 duodecim
787 1129 865 1178 tribus
882 1128 965 1178 Isra'el

84 1195 126 1258 qui
149 1195 296 1243 invocabant
317 1210 409 1243 nomen
431 1195 511 1243 istud:
543 1195 574 1243 Et
583 1195 664 1243 omnis
671 1194 845 1258 quireliquerit
855 1194 965 1251 domum,

68 1260 108 1307 'et
119 1258 166 1307 huc
178 1259 210 1307 ad
225 1260 273 1308 hoc
288 1260 363 1318 venit,
377 1267 404 1308 ut
415 1259 511 1307 vinctos
541 1258 583 1307 vel
605 1259 699 1318 fratres,
723 1265 766 1307 aut
792 1273 897 1316 sorores,
927 1265 968 1305 aut

83 1323 138 1371 illos
149 1324 248 1372 duceret
259 1324 291 1371 ad
302 1324 425 1387 principes
432 1338 510 1371 sacer·
541 1330 644 1386 patrem,
666 1330 709 1372 aut
730 1329 842 1381 matrem,
865 1328 908 1369 aut
924 1337 966 1369 ux·

82 1387 188 1437 dotum?
220 1388 309 1436 Saulus
327 1395 410 1436 autem
431 1387 511 1436 multo
541 1403 616 1447 orem,
645 1394 688 1436 aut
714 1386 786 1445 filios,
816 1393 859 1434 aut
886 1401 965 1449 agros,

82 1453 161 1514 magis
170 1452 363 1510 convalescebat,
375 1459 399 1500 et
408 1451 509 1500 consun·
540 1458 642 1515 propter
660 1467 751 1500 nomeu
769 1466 861 1509 meum,
884 1457 967 1498 centu·

82 1516 157 1564 debat
178 1516 279 1580 Judaeos
300 1517 342 1579 qui
364 1516 510 1564 habitabant
540 1516 610 1579 plum
627 1516 738 1579 accipiet,
760 1522 785 1563 et
800 1514 877 1562 vitam
899 1522 968 1563 aeter·

84 1580 208 1637 Damasci,
239 1580 362 1628 affirmans
392 1580 510 1644 quoniam
540 1596 599 1629 nam
614 1580 756 1644 possidebit.
794 1578 869 1626 Multi
885 1586 968 1627 autem

83 1644 123 1692 hic
135 1652 171 1692 est
183 1644 301 1692 Christus
541 1651 611 1693 erunt
633 1645 706 1708 primi
728 1643 863 1702 novissimi,
884 1650 909 1691 et
925 1658 967 1690 no·

540 1709 633 1757 vissimi
644 1708 725 1774 primi

139 1865 180 1912 IN
198 1864 515 1916 PRAESENTATIONE
532 1866 681 1916 CHRISTI
698 1865 739 1914 IN
757 1865 914 1926 TEMPLO‚

361 1979 428 2024 Qum
444 1979 538 2016 vucco
555 1979 687 2017 vocnuuu

267 2068 415 2135 {finalitatis
430 2070 522 2126 beatae
537 2070 640 2131 fflatiat
656 2069 774 2140 Virginis.

249 2181 346 2236 distin.
611 2199 752 2266 bittinum
765 2203 890 2268 Epistola.

83 2280 363 2407 OMNIPOTENS
417 2291 506 2354 sempi-
648 2311 824 2361 Malachiaenr.
838 2325 857 2361 1.

176 2360 245 2399 terne
257 2353 332 2412 Deus,
348 2354 505 2416 Majestatem

80 2422 148 2462 tuam
170 2417 292 2479 supplices
317 2433 459 2467 exoramus:
478 2428 506 2468 ut
608 2421 675 2470 CCE
693 2437 740 2485 ego
756 2422 829 2470 mitto
850 2423 966 2486 angelum

80 2481 505 2542 sicutunigenitusFiliustuushodi·
621 2487 966 2550 meum,etpraeparabitviam

80 2544 256 2592 ernadiecum
265 2547 505 2596 nostraecarnissub·
538 2549 694 2598 antelaciem
706 2566 793 2598 meam.
832 2551 865 2600 Et
882 2552 965 2600 statim

80 2610 169 2656 stantia
181 2609 205 2656 in
218 2609 311 2672 templo
327 2618 363 2658 est
374 2619 505 2674 praesenta·
537 2614 619 2662 veniet
636 2615 669 2662 ad
688 2615 808 2677 templum
824 2631 896 2663 suum
914 2616 966 2663 Do·

81 2680 118 2721 tus
127 2692 134 2733 3
151 2674 185 2721 ita
207 2690 253 2722 nos
275 2674 350 2722 saclas
371 2676 505 2739 purificatis
537 2679 651 2737 minator,
665 2695 738 2742 quem
750 2695 794 2727 vos
811 2680 927 2743 quaeritis,
942 2687 967 2728 et

80 2738 125 2786 tibi
148 2739 271 2787 mentibus
298 2741 447 2802 praesentari,
473 2742 505 2789 ab
540 2744 651 2805 Angelus
667 2744 814 2802 testamenti,
829 2759 904 2807 quem
921 2760 966 2792 vos

79 2803 166 2850 eodem
187 2804 246 2867 Jesu
269 2804 368 2853 Christo
396 2805 507 2854 Domino
538 2807 619 2857 vultis.
656 2809 721 2857 Ecce
737 2809 812 2867 venit,
832 2809 894 2857 dicit
913 2808 965 2856 Do·

79 2875 170 2916 nostro.
206 2871 294 2917 Amen.
538 2874 619 2922 minus
653 2875 817 2923 exercituum:
850 2881 875 2922 et
911 2874 966 2937 quis

537 2939 628 3000 poterit
639 2939 746 3001 cogitare
762 2939 829 2986 diem
846 2938 966 2986 adventus

538 3002 597 3064 ejus,
620 3010 644 3051 et
664 3004 718 3066 quis
737 3003 811 3051 stabit
829 3003 861 3050 ad
879 3002 965 3050 viden-

538 3067 598 3115 dum
616 3070 693 3117 eum?
724 3069 782 3132 Ipse
800 3069 867 3116 enim
895 3067 965 3131 quasi
