2092 3450
226 158 474 217 nominamini
494 157 569 213 Statu
588 160 645 223 pust
664 153 819 210 lirinitatnn.

76 316 157 380 gloria
175 331 220 364 sua
241 322 371 379 coopertus
390 323 427 365 est
443 315 505 365 sicut
538 317 604 365 enim
632 317 705 365 Pater
731 325 818 380 vester,
842 318 901 382 quia
924 319 962 369 his

77 379 259 430 unumexistis
289 379 506 429 Siautemfoenum
538 381 652 429 omnibus
685 381 806 444 indigetis.
854 383 963 444 Quaerite

75 446 138 508 agri,
151 444 220 509 quod
229 443 304 492 hodie
314 451 359 504 est,
372 452 397 493 et
409 460 461 494 cras
478 445 503 493 in
536 461 594 508 ergo
613 446 720 508 primum
737 461 840 509 regnum
862 447 919 506 Dei,
938 456 962 497 et

76 510 203 558 clibanum
229 508 341 567 mittitur,
367 509 436 558 Deus
468 509 504 558 sic
532 509 653 572 justitiam
670 509 737 572 ejus:
760 517 784 558 et
802 510 856 559 haec
878 513 963 560 omnia

75 573 165 622 vestit:
182 579 275 636 quanto
292 573 371 635 magis
387 588 431 622 vos
449 588 502 621 mo·
535 573 680 636 adjicientur
689 573 766 622 vobis.
803 574 890 623 Nolite
904 591 963 639 ergo

76 638 141 686 dicae
155 637 229 685 fidei?
260 635 348 685 Nolite
364 653 422 700 ergo
438 638 505 686 solli·
536 638 635 686 solliciti
668 653 721 686 esse
755 637 782 686 in
820 639 959 689 crastinum

77 702 120 750 citi
137 717 197 759 esse,
210 700 334 750 dicentes:
351 701 418 762 Quid
435 717 504 749 man-
538 702 664 751 Crastinus
686 702 752 750 enirn
770 703 822 751 dies
844 704 963 754 sollicitus·

76 766 230 824 (locabimus,
245 772 287 813 aut
303 764 363 828 quid
380 765 501 826 bibemus,
537 766 582 814 erit
617 765 666 815 sibi
701 766 763 830 ipsi;
796 767 885 816 sufficit
912 769 962 818 diei

76 837 121 879 aut
137 846 188 894 quo
204 828 358 893 operiemur?
372 829 427 878 haec
438 830 504 878 enim
537 830 633 879 malitia
642 846 693 880 sua

76 895 163 943 omnia
181 902 266 957 gentes
282 893 414 958 inquirunt
450 894 505 944 Scit

228 1015 360 1072 muminito
376 1015 477 1072 murima
494 1015 571 1073 ama
587 1019 643 1084 pust
660 1014 817 1071 vicinitatem

244 1105 347 1162 &³5⁰¹
537 1131 691 1196 impleamini
715 1131 742 1181 in
764 1147 863 1181 omnem
884 1132 963 1198 pleni·

146 1207 329 1258 CCLESIAM
346 1215 422 1268 tuam,
439 1225 506 1273 quae.
537 1197 649 1245 tudinem
669 1195 724 1246 Dei.
746 1197 794 1272 'Ei
811 1203 901 1257 autem,
921 1199 963 1262 qui

163 1273 508 1332 sumus‚1)0m5ne‚misemt10
538 1268 626 1324 potens
638 1268 673 1309 est
685 1276 770 1310 omma
784 1262 864 1310 facere
880 1277 964 1326 super·

79 1336 225 1385 continuata
240 1338 343 1386 mundet
356 1345 381 1386 et
396 1338 507 1397 muniat;
538 1325 693 1400 &bundium
707 1341 782 1388 ‘luam
798 1324 905 1388 petimus
921 1333 963 1401 ²}st

79 1410 113 1459 et,
138 1401 198 1465 quia
221 1402 275 1450 sine
296 1409 322 1451 te
348 1417 400 1451 non
426 1409 507 1465 potest
538 1390 706 1452 mtelhgnnus,
743 1389 877 1464 SflCUssde
916 1406 963 1465 Ψ·

78 1465 149 1513 salva
171 1466 310 1525 consistere,
335 1473 384 1514 tuae
411 1481 509 1530 semper
538 1460 624 1528 Futhr
637 1469 693 1528 ‘1¹3ae
704 1460 820 1528 {speratur
835 1469 862 1528 ἔῃ
877 1455 963 1530 ¹¹⁰b¹?²

78 1529 199 1578 bonitatis
225 1530 318 1578 auxilio
348 1531 504 1593 gubernetur,
538 1533 585 1630 ipsi
607 1517 686 1579 gloria
707 1533 733 1565 m
755 1517 865 1577 eeclesia,
890 1525 915 1567 et
937 1534 963 1566 ιιι

80 1595 129 1642 Per
136 1595 223 1657 Jesum
235 1594 360 1643 christum
371 1595 508 1643 Dominum
561 1581 639 1656 hristo
655 1583 722 1646 Jesu,
745 1580 771 1657 in
789 1597 874 1631 omnes
890 1597 964 1644 gene-

80 1665 200 1707 nostrum.
236 1660 324 1707 Amen.
538 1654 644 1695 rationes
682 1647 765 1694 saecull
808 1646 959 1696 saeculorum.

230 1749 354 1818 Epistula.
539 1716 629 1764 Amen·

173 1833 216 1881 Ad
228 1833 318 1897 Ephen
329 1833 362 1882 iii.
377 1845 413 1896 13·
656 1844 827 1912 fibruurliun.

140 1909 212 1959 ETO
224 1925 256 1958 ne
267 1909 422 1958 deficiatisin
433 1909 509 1957 tribu·
783 1948 797 1961 ..

157 1973 292 2022 lationibus
302 1973 508 2038 meisprovobis:
642 1948 668 1997 S·
679 1949 755 1997 Lucae
766 1965 805 1997 vu·
819 1960 855 1997 ¹¹·

80 2053 137 2101 quae
153 2044 191 2086 est
206 2036 286 2100 gloria
302 2045 388 2087 vestra
426 2037 509 2100 Hujus
603 2037 964 2101 Tiactumestrdeincepsibat

80 2101 117 2149 rei
143 2102 224 2164 gratia
246 2101 319 2150 flecto
346 2117 427 2164 genua
452 2117 510 2150 mea
545 2045 599 2168 E
633 2101 705 2164 Jesus
723 2101 750 2150 iu
766 2101 892 2150 civitatem
909 2118 963 2165 quae

80 2165 114 2213 ad
127 2165 227 2214 Patrem
243 2165 346 2214 Domini
362 2165 509 2230 nostriJesu
538 2172 640 2214 vocatur
646 2166 737 2213 Naim:
754 2173 778 2214 et
788 2165 858 2214 ibant
870 2181 964 2215 cumeo

81 2229 182 2288 Christi,
208 2245 238 2278 ex
260 2244 310 2294 quo
332 2230 412 2278 omnis
428 2238 508 2293 pater·
538 2229 653 2293 discipuli
665 2229 724 2292 ejus,
734 2236 759 2278 et
770 2231 842 2278 turba
853 2231 960 2293 copiosa.

80 2293 266 2342 nitasincoelis
276 2301 301 2342 et
316 2293 343 2342 in
354 2302 418 2342 tena
428 2294 508 2343 nomi·
540 2294 604 2342 Cum
639 2301 721 2342 autem
754 2294 964 2358 appropinquaret

79 2364 162 2416 natur,
184 2364 212 2405 ut
229 2358 272 2407 det
286 2358 358 2406 vobis
374 2358 508 2407 secundum
538 2366 617 2421 portae
634 2358 746 2416 civitatis,
761 2373 819 2407 ecce
834 2358 964 2407 defunctus

79 2421 181 2470 divitias
192 2421 276 2485 gloriae
287 2437 345 2479 suae,
355 2422 444 2471 uirtute
456 2438 507 2470 cor·
539 2423 684 2470 efferebatur
699 2421 764 2471 filius
777 2423 863 2470 unicus
880 2423 963 2471 matris

80 2486 192 2534 roborari
209 2501 254 2549 per
272 2486 391 2549 Spiritum
413 2485 466 2549 ejus
481 2486 508 2534 iu
538 2502 603 2534 suae:
631 2494 655 2535 et
673 2486 728 2535 haec
748 2486 824 2535 vidua
845 2495 911 2535 erat:
940 2496 964 2535 et

80 2549 223 2598 interiorem
233 2550 367 2608 hominem,
383 2550 508 2599 Christum
538 2551 611 2598 turba
622 2550 727 2599 civitatis
743 2551 821 2598 multa
838 2565 894 2598 curn
910 2550 960 2598 illa.

79 2613 195 2662 habitare
205 2629 250 2688 per
265 2613 340 2663 fidem
356 2615 382 2663 in
393 2614 508 2663 cordibus
539 2615 621 2676 Quam
641 2630 697 2663 cum
713 2614 814 2663 vidisset
831 2613 961 2675 Dominus,

79 2679 168 2726 vestris
178 2695 185 2726 ε
204 2693 231 2726 ιιι
242 2677 359 2727 charitate
370 2678 472 2727 radicati
484 2686 508 2728 et
537 2679 704 2727 misericordia
714 2685 795 2726 motus
810 2692 882 2740 super
898 2693 961 2738 eam,

79 2741 187 2800 fundati,
201 2749 229 2791 ut
240 2742 338 2805 possitis
349 2743 508 2805 comprehen-
538 2743 599 2790 dixit
616 2743 667 2791 illi:
690 2742 751 2789 Noli
769 2740 833 2789 flere.
874 2741 908 2790 Et
924 2758 963 2790 ac·

79 2806 140 2855 dere
151 2821 208 2854 cum
219 2806 334 2854 omnibus
344 2806 441 2866 sanctis,
452 2822 508 2870 quae
538 2807 617 2866 cessit,
632 2813 657 2855 et
668 2806 748 2868 tetigit
763 2805 878 2852 loculum.
916 2807 963 2865 (Hi

80 2871 114 2918 sit
135 2870 250 2929 latitudo,
275 2877 299 2918 et
321 2870 457 2934 longitudo,
483 2878 508 2919 et
538 2878 620 2919 autem
631 2869 674 2934 qui
685 2869 816 2932 portabant
824 2871 963 2931 steterunt.)

80 2933 228 2993 sublimitas,
273 2941 298 2982 et
340 2935 508 2998 profundum:
539 2935 572 2982 Et
590 2935 639 2982 ait:
656 2933 816 2992 Adolescens,
834 2933 880 2981 tibi
896 2935 960 2994 dico,

81 2998 143 3047 scire
176 2999 252 3047 etiam
287 2998 507 3062 supereminentem
539 3013 617 3060 surge.
662 2997 695 3045 Et
721 2997 812 3046 resedit
843 2998 886 3061 qui
912 3006 964 3048 erat

81 3062 351 3117 scientiaecharitatem
368 3063 466 3124 Christi,
480 3072 507 3111 ut
540 3070 658 3124 mortuus,
682 3067 706 3110 et
725 3061 800 3126 coepit
818 3060 894 3128 loqui
929 3063 962 3113 Et

149 3139 194 3186 109
