2040 3458
108 159 213 211 Dr'esX.
492 157 602 227 &almi
862 158 908 209 M
919 156 974 219 Vap.
1002 213 1003 218 ,

166 502 529 567 XAUDLDmoratiooem
578 503 602 555 'e
656 504 977 557 cibosaindomoDein·

113 500 169 625 E
198 584 295 621 meana
310 568 407 619 etned
559 518 907 621 {mammeam

102 636 120 685 d
220 634 414 711 'onesimum
428 632 531 685 intende
594 632 686 685 Veniat
699 648 769 685 mora
783 648 860 711 anper
875 632 979 687 ilioaret

186 704 212 749 et
220 697 365 749 exaudime.
561 696 714 751 cuondam
744 698 773 749 in
804 698 928 767 mam
949 696 979 749 ri·

136 763 301 840 §comitatus
319 776 373 813 sum
392 760 421 813 in
438 759 529 813 exerci-
559 769 652 813 ventes.

103 826 531 952 mr
560 826 979 943 mmmmm

103 955 385 1031 bulationepocoatona.
670 962 754 1009 antem
775 954 810 1007 ad
834 954 921 1009 Dm
937 954 979 1007 oh·

104 1018 531 1161 semanima
560 1034 609 1135 s
635 1036 643 1071 ²
674 1026 701 1071 2
729 1020 857 1073 Dm·
888 1018 980 1161 n„

104 1148 478 1264 lateroernpfflmmm
494 1218 533 1263 en
561 1148 712 1263 noxam
721 1146 980 1266 affigas&

104 1278 198 1355 inruet
214 1276 357 1328 etformido
372 1277 460 1327 mortis
468 1276 532 1327 ceci·
562 1276 844 1345 audietvooammeaaa
1018 1336 1020 1354 ι

105 1342 534 1536 imm
562 1340 980 1537 fficffi

106 1536 243 1660 tendifficit,
280 1596 532 1663 uisdabitmihipen·
562 1534 860 1660 miffirfflffi
878 1598 979 1651 humilia·

106 1679 151 1713 nas
161 1664 224 1713 sicut
240 1598 376 1714 offiumboe:
392 1671 417 1713 et
430 1663 530 1723 volabo,
562 1663 600 1714 bit
611 1664 682 1714 illos:
698 1664 742 1728 qui
753 1671 789 1713 est
801 1664 962 1717 antesaecula

107 1737 132 1778 et
142 1729 314 1793 requiescam?
596 1728 656 1777 Non
667 1729 733 1778 enim
744 1729 843 1778 catillis
858 1735 980 1779 commuta·

140 1793 207 1842 Ecce
232 1792 346 1857 elongavi
370 1791 480 1856 fugiens:
508 1800 532 1842 et
564 1793 607 1853 tio,
629 1800 654 1842 et
673 1808 723 1842 non
742 1793 880 1843 timuerunt
897 1795 981 1844 Deum:

108 1857 187 1906 mansi
198 1857 224 1905 in
234 1857 374 1907 solitudine„
563 1857 673 1907 extendit
692 1872 795 1907 manum
816 1873 890 1908 suam
912 1859 938 1908 in
952 1871 981 1906 rc·

141 1921 323 1985 Exspectabam
340 1936 397 1972 eum
419 1920 461 2033 pui
486 1920 532 1969 sal·
563 1922 702 1972 tribuendo.

108 2001 166 2034 vum
185 2001 226 2034 me
245 1986 317 2034 fecit:
340 1985 533 2050 apusilanimi·
597 1986 836 2036 Contaminaverunt
862 1993 980 2038 testamen·

108 2057 158 2098 tate
169 2049 268 2113 spiritus
279 2057 304 2099 et
314 2056 466 2114 tempestate.
563 2057 617 2099 tum
639 2050 705 2115 ejus:
727 2051 802 2100 divisi
824 2058 883 2101 sunt
905 2052 937 2101 ab
954 2050 983 2099 iu

141 2114 280 2177 Praecipita,
305 2115 422 2173 Domine,
451 2113 534 2163 divide
564 2115 645 2164 vultus
664 2114 724 2178 ejus,
743 2120 769 2165 et
784 2113 983 2182 appropinquavit

108 2177 204 2241 linguas
223 2193 322 2228 eorum:
347 2179 464 2242 quoniam
482 2179 535 2226 vidi
564 2179 689 2229 coriilius.

108 2242 264 2306 iniquitatem
274 2249 299 2291 et
315 2244 535 2292 contradictionem
598 2243 691 2293 Molliti
713 2249 770 2293 sunt
791 2259 922 2295 sermones
942 2242 983 2308 eju

110 2307 251 2355 incivitate.
565 2322 640 2371 super
666 2308 765 2357 oleumr
798 2315 825 2358 et
857 2309 907 2374 ipsi
938 2313 984 2359 suut

142 2371 192 2420 Die
218 2385 247 2419 ac
274 2379 347 2419 nocte
375 2371 536 2420 circumdabit
564 2371 653 2436 jacula.

109 2451 164 2484 eam
182 2451 209 2484 su
229 2450 255 2483 er
273 2451 356 2484 muros
376 2435 428 2498 ejus
446 2436 535 2499 iniqui·
596 2437 668 2500 Jacta
678 2451 751 2501 super
762 2437 984 2488 Dominumcuram

109 2508 160 2550 tas:
177 2507 202 2549 et
211 2451 284 2548 fabor
294 2501 320 2548 in
336 2499 419 2549 medio
436 2499 496 2563 ejus,
511 2508 535 2548 et
566 2507 635 2550 tuam
654 2509 678 2550 et
696 2501 749 2566 ipse
771 2508 796 2551 te
818 2503 926 2552 enutriet
940 2520 946 2552 ε
966 2507 985 2550 et

109 2564 235 2629 injustitia
566 2580 617 2614 non
628 2566 697 2615 dabit
712 2565 738 2614 in
754 2573 877 2617 aeternum
893 2567 984 2618 fluctus·

143 2630 175 2679 Et
184 2627 329 2678 nondeiecit
338 2628 369 2677 de
378 2627 466 2693 plateis
473 2627 536 2692 ejusz
567 2630 660 2679 tionem
669 2629 742 2694 justo.

110 2710 183 2743 usura
193 2693 308 2745 etdoius.
599 2695 638 2743 Tu
650 2710 717 2754 vero,
728 2695 805 2753 Deus,
818 2695 928 2747 deduces
939 2709 985 2747 eos:

144 2759 269 2822 Quoniam
290 2758 311 2807 si
332 2757 445 2807 inimicus
466 2772 536 2806 meus
566 2760 592 2808 in
604 2767 705 2822 puteum
717 2759 837 2810 interitus.

111 2824 275 2874 maledixisset
283 2822 537 2872 mihirsustinuissem
600 2823 654 2872 Viri
683 2824 832 2887 sanguinum
862 2831 888 2874 et
914 2821 986 2876 dolosi

111 2888 202 2951 utique.
566 2902 617 2936 non
644 2887 810 2938 dimidiabunt
838 2888 893 2940 dies
919 2903 986 2939 suos:

144 2952 176 3000 Et
185 2951 290 3016 siisqui
307 2952 392 3002 oderat
408 2966 448 3001 me
464 2966 538 3015 super
565 2967 613 3015 ego
646 2959 729 3002 autern
760 2953 869 3019 sperabo
902 2954 929 3005 in
958 2961 985 3012 te,

111 3030 151 3064 me
167 3032 257 3079 magna
273 3017 368 3066 locutus
379 3017 477 3066 suisset:
493 3016 536 3064 ab·
566 3015 682 3067 Domina

112 3078 261 3129 scondissem
272 3096 313 3130 me
323 3081 423 3131 forsitan
435 3081 468 3130 ab
479 3095 516 3130 eo.

173 3154 225 3209 250
