2092 3450
383 189 455 248 linia
474 188 574 246 &nima
591 192 645 244 ante
662 187 773 257 Quarta

113 336 215 386 dicens:
231 336 305 386 Tolle
315 336 389 398 hunc,
404 341 428 386 et
441 335 539 385 dimitte
570 335 631 385 liet?
674 335 837 385 Ducebantur
863 343 948 387 autem
974 352 1000 387 ee

113 402 185 451 nobis
220 400 367 461 Barabbam,
398 401 442 465 qui
476 407 535 461 erat,
570 399 613 448 alii
630 399 681 449 duo
703 415 810 465 nequam
832 415 890 450 cum
912 417 951 463 eo,
972 409 999 452 ut

114 473 214 530 propter
236 465 384 515 seditionem
405 464 538 529 quamdam
570 463 771 514 interficerentur.
814 465 848 514 Et
867 472 999 537 postquam

114 530 204 579 iactam
228 530 255 578 in
282 529 381 578 civitate
407 536 433 579 et
459 529 539 578 homi-
569 535 689 577 venerunt
703 528 730 578 in
744 528 829 578 locum
841 529 886 594 qni
897 537 1000 591 vocatur

115 594 215 654 cidium,
244 594 333 643 missus
358 593 386 642 in
407 609 536 643 carcerem.
572 592 999 656 Calvariae,ibicrucifixerunteum;

115 659 209 707 Iterum
225 666 308 707 autem
330 658 425 707 Pilatus
443 657 540 707 locutus
572 664 596 706 et
607 657 721 716 latrones,
735 673 813 706 unum
828 674 844 706 a
858 658 959 719 dextris,
974 666 999 709 et

116 729 152 772 est
174 722 207 770 ad
230 738 280 781 eos,
310 722 395 771 volens
417 722 541 771 dimittere
572 721 676 770 alterurn
711 736 727 770 a
759 722 870 772 sinistris.
928 723 999 788 Jeme

114 788 206 851 Jesum.
248 787 284 836 At
298 786 335 835 illi
346 786 539 845 succlamabant,
572 793 655 834 autern
666 785 784 835 dicebat:
805 786 887 847 Pater,
903 787 1000 837 dimitte

116 851 244 900 dicentes:
273 850 403 914 Crucifige,
428 850 542 913 crucifige
572 849 637 899 illis:
669 865 720 899 uon
744 850 812 900 enim
836 853 916 901 sciunt
939 852 999 916 quid

116 931 180 964 eum.
224 915 271 964 Ille
288 922 370 964 antem
389 915 462 965 tertio
481 914 543 963 dixit
572 913 672 963 faciunt.
714 914 861 965 Dividentes
874 931 998 967 veroven-

117 980 149 1028 ad
165 979 240 1029 illos:
257 979 326 1042 Quid
337 979 404 1030 enim
414 979 475 1028 mali
485 979 543 1028 fecit
573 979 677 1027 timenta
694 977 754 1042 ejus,
774 979 894 1029 miserunt
912 988 996 1031 sortes

116 1044 183 1093 iste?
215 1043 309 1092 nullam
338 1059 436 1093 causam
458 1043 544 1092 mortis
574 1043 608 1091 Et
623 1037 704 1091 stabat
717 1043 824 1107 populus
838 1051 960 1108 spectans,
974 1053 1000 1095 et

116 1108 216 1158 invenio
226 1109 254 1158 in
269 1123 318 1158 eor
340 1108 470 1172 corripiam
486 1122 545 1170 ergo
574 1106 720 1157 deridebant
734 1123 792 1157 eum
801 1108 926 1183 principes
944 1125 1000 1160 cunr

118 1172 195 1232 illum,
222 1180 247 1222 et
274 1172 405 1221 dimittam.
447 1173 483 1221 At
506 1171 545 1220 illi
574 1169 997 1233 eis‚dicentes='fAhossalvosfccit,

117 1238 243 1286 instabant
258 1237 360 1286 vocibus
377 1237 473 1300 magnis
487 1252 544 1300 pos·
573 1251 600 1285 se
625 1236 720 1285 salvum
744 1235 826 1297 saciat,
851 1237 874 1287 si
894 1237 937 1288 hic
963 1245 1000 1288 est

118 1301 224 1350 tulantes
243 1308 270 1351 ut
292 1300 493 1364 crucifigeretur:
521 1307 545 1349 et
575 1300 688 1349 Christus
716 1301 765 1349 Dei
793 1301 892 1351 electus.
937 1302 997 1352 Illu-

118 1366 301 1415 invalescebant
309 1381 382 1414 voces
391 1381 483 1415 eorum.
511 1364 545 1413 Et
575 1364 667 1414 debant
682 1371 765 1414 autem
779 1365 802 1413 ei
818 1373 843 1414 et
857 1366 949 1416 milites
961 1381 999 1416 ac-

119 1430 213 1479 Pilatus
235 1429 387 1493 adjudicavit
408 1429 461 1478 lieri
483 1429 544 1493 peti·
574 1429 696 1488 cedentes,
715 1436 740 1478 et
756 1437 855 1479 acetum
872 1430 1000 1481 offerentes

120 1495 213 1543 tionem
221 1510 313 1543 eorum.
349 1493 451 1542 Dimisit
462 1500 545 1542 autem
575 1493 606 1552 ei,
626 1500 651 1542 et
668 1493 794 1543 dicentes:
816 1493 845 1544 si
860 1501 928 1544 tues
946 1495 1000 1544 Rex

119 1559 168 1607 illis
191 1574 247 1607 eum
270 1559 314 1622 qui
339 1565 440 1621 propter
465 1557 544 1606 homi·
572 1557 724 1621 Judaeorum,
735 1558 830 1606 salvum
839 1559 920 1609 telae.
942 1560 1001 1608 Erat

121 1624 213 1671 cidium
239 1630 264 1672 et
289 1623 435 1672 seditionem
457 1622 545 1670 missus
574 1629 658 1671 autem
675 1629 699 1670 et
718 1623 893 1687 superscriptio
911 1624 1001 1688 scripta

120 1688 197 1736 fuerat
213 1687 239 1736 in
251 1702 379 1747 carcerem,
394 1703 467 1750 quem
479 1694 545 1750 pete·
575 1702 648 1749 super
669 1702 725 1735 eum
747 1686 835 1736 litteris
855 1688 950 1751 graecis,
976 1697 1000 1737 et

121 1753 199 1800 bant:
218 1752 304 1815 Jesum
315 1767 373 1800 vero
388 1751 490 1800 tradidit
502 1766 545 1799 vo·
575 1750 665 1810 latinis,
679 1759 704 1799 et
714 1751 852 1800 hebraicisr
879 1752 937 1802 H1c
953 1765 1001 1802 EST

121 1816 209 1864 luntati
231 1832 322 1865 eorum.
367 1816 401 1864 Et
423 1831 479 1864 cum
501 1814 545 1863 du·
577 1815 816 1878 RnxJunlnonun.
838 1816 911 1866 Unus
919 1824 1001 1866 antem

122 1887 203 1928 cerent
230 1896 293 1939 eum,
331 1880 546 1944 apprehenderunt
575 1879 607 1928 de
617 1879 998 1943 hisquipendebantlatronibus,

123 1945 250 1993 Simonem
268 1945 401 2007 quemdam
421 1944 545 2007 Cyrenen·
576 1943 764 2007 blasphemabat
779 1960 843 2003 eum,
854 1945 957 1996 dicens:
974 1946 1002 1996 Si

122 2024 181 2067 sem,
205 2011 345 2057 venientem
367 2009 398 2057 de
415 2008 492 2057 villa:
523 2015 548 2056 et
577 2014 604 2056 tu
632 2024 658 2056 es
688 2008 806 2068 Christus,
840 2008 937 2058 salvum
963 2009 1001 2059 iac

121 2072 290 2134 imposuerunt
312 2073 349 2121 illi
371 2088 467 2121 crucem
489 2088 545 2136 por·
576 2073 741 2135 temetipsum,
759 2081 784 2121 et
799 2088 852 2122 nos.
889 2074 1002 2138 Respon-

121 2144 173 2184 tare
191 2145 247 2200 post
263 2137 355 2199 Jesum.
393 2137 547 2200 Sequebatur
576 2136 637 2185 dens
662 2143 744 2184 autern
772 2137 835 2186 alter
859 2137 1002 2202 increpabat

121 2209 203 2248 autem
222 2200 293 2248 illum
314 2201 393 2249 multa
411 2201 483 2249 turba
501 2216 546 2264 po·
577 2215 640 2260 eum,
655 2201 758 2249 dicens:
783 2201 874 2264 Neque
888 2209 915 2251 tu
930 2203 1002 2252 times

121 2263 181 2328 puli,
200 2272 224 2312 et
239 2265 386 2314 mulierum:
407 2280 462 2329 quae
475 2264 545 2328 plan·
577 2265 667 2324 Deum,
691 2265 758 2328 quod
777 2265 803 2314 in
827 2266 915 2315 eadem
933 2267 1002 2316 dam-

120 2329 212 2391 gebant
229 2335 253 2378 et
269 2329 467 2378 lamentabantur
479 2345 542 2378 eum.
576 2332 675 2377 natione
694 2345 727 2378 es.
775 2329 808 2378 Et
833 2345 880 2379 nos
902 2331 1002 2395 quidem

122 2393 260 2441 Conversus
269 2401 351 2442 autem
361 2394 393 2441 ad
402 2394 543 2457 illasJesus‚
574 2392 646 2455 juste,
671 2409 730 2441 nam
748 2394 825 2456 digna
850 2394 921 2444 iactis
943 2395 1001 2444 reci-

121 2456 198 2517 dixit3
220 2457 291 2507 Filiae
304 2457 448 2521 Jerusalem,
468 2457 546 2506 nolite
576 2457 676 2521 pimus:
702 2458 754 2506 Hic
775 2474 834 2520 vero
856 2459 920 2508 nihil
943 2458 1002 2508 mali

122 2521 180 2570 flere
200 2537 274 2585 super
287 2538 335 2580 me,
352 2522 395 2570 sed
409 2538 483 2585 super
500 2537 545 2571 vos
575 2522 657 2584 gessit.
697 2522 731 2570 Et
742 2523 839 2572 dicebat
851 2524 884 2572 ad
899 2524 1002 2587 Jesum:

121 2586 256 2648 ipsasflete,
264 2593 288 2634 et
297 2586 540 2650 superfiliosvestros.
578 2587 693 2645 Domine,
718 2595 844 2636 memento
863 2588 922 2648 mei,
947 2604 1002 2637 cum

122 2651 247 2713 Quoniam
265 2667 322 2699 ecce
338 2651 437 2699 venient
453 2651 505 2699 dies
519 2651 546 2698 in
576 2651 671 2698 veneris
687 2651 714 2698 in
731 2667 834 2713 regnum
851 2658 929 2701 tuum.
971 2653 1003 2700 Et

121 2716 210 2779 quibus
222 2716 318 2764 dicent:
343 2715 427 2764 Beatae
442 2715 543 2773 steriles,
577 2715 638 2762 dixit
645 2715 681 2762 illi
687 2716 758 2778 Jesus
769 2732 775 2763 ι
787 2716 935 2765 Amendico
944 2717 1003 2765 tibi:

122 2787 147 2828 et
161 2788 258 2828 ventres
272 2779 315 2844 qui
332 2795 383 2827 non
399 2786 542 2842 genuerunt,
576 2779 651 2827 hodie
664 2795 761 2827 mecum
778 2780 825 2828 eris
840 2780 866 2828 iu
878 2781 1000 2845 paradiso.

122 2850 147 2891 et
163 2846 239 2893 ubera
252 2860 307 2908 quae
320 2860 371 2892 non
383 2844 541 2892 lactaverunt.
578 2844 639 2891 Erat
654 2851 736 2891 autem
751 2843 802 2892 iere
813 2844 876 2893 hora
890 2854 966 2905 sexta,
980 2853 1004 2894 et

123 2907 546 2971 Tuncincipientdiceremontibus:
577 2907 762 2956 tenebraefactae
769 2909 858 2957 suntin
865 2910 1004 2959 nniversam

124 2970 211 3020 Cadite
227 2987 372 3035 supernos;
389 2981 413 3022 et
425 2972 547 3020 collibus:
577 2979 666 3020 terram
678 2988 755 3036 usque
766 2972 792 3020 in
802 2972 891 3022 horam
901 2987 1001 3024 nonam.
1038 3014 1040 3021 4

124 3035 225 3097 Operite
240 3052 292 3084 nos.
329 3036 394 3098 Quia
406 3036 427 3085 si
438 3036 464 3083 in
474 3036 546 3083 viridi
578 3036 611 3084 Et
621 3037 762 3085 obscuratus
770 3045 806 3085 est
815 3037 867 3086 sol:
889 3048 914 3086 et
922 3039 1004 3088 velum

122 3097 190 3161 ligno
199 3100 253 3148 haec
263 3100 363 3161 faciunt,
377 3100 479 3150 inarido
488 3100 547 3164 quid
578 3101 664 3165 templi
671 3101 773 3150 scissum
782 3108 818 3150 est
825 3102 943 3152 medium.
970 3104 1003 3152 Et

182 3173 212 3218 72
