2092 3450
224 162 258 218 lu
275 162 323 219 ibit
340 163 373 220 ls.
391 164 527 232 fflirhrtliu
544 169 565 219 rt
583 163 693 222 oninium
711 165 874 235 drudorum.

316 419 352 476 llo
362 418 411 476 Bit
423 418 513 476 §aaut
522 417 653 483 mattae
663 417 790 488 annunt.

271 517 369 572 &sallu-
569 541 606 584 est
626 534 709 598 imago
732 535 788 585 Dei
841 534 903 584 Non
930 533 996 584 enim

170 623 382 674 MNIPOTENS
399 623 477 682 Deus,
495 624 537 688 qui
568 600 732 674 nosmetipsos
756 598 927 674 praedicamus,
953 600 996 648 sed

206 703 251 752 per
268 688 425 737 benedictum
445 688 537 737 Filium
566 664 653 727 Jesum
663 663 932 712 Christumnommum
940 678 997 712 nos-

111 758 181 801 tuum
195 752 288 801 vocasti
300 752 455 812 Matthaemn,
466 760 494 801 ut
507 768 538 801 ex
568 736 634 776 trum
650 745 656 776 ε
680 743 726 776 nos
743 735 826 777 autern
843 743 927 802 servos
943 743 996 776 ves·

110 816 243 929 publicano
264 817 400 880 Apostolus
423 816 492 866 fieret
513 824 537 866 et
567 792 773 856 “mim-Iesum
790 806 908 856 q¹¹⁰¹¹¹³m
917 791 994 851 Deus,

135 880 285 943 vangelista3
302 881 423 930 Danobis
431 881 537 944 gratiam
568 857 611 921 qui
631 857 695 905 dixit
721 856 754 905 de
780 856 889 904 tenebris
915 855 997 904 lucem

111 951 138 992 ut
157 945 264 993 studium
284 946 395 1008 pecuniae
414 953 439 994 et
460 961 535 1009 opum
567 921 744 984 splendescefe’
778 920 831 985 59⁵²
862 919 944 969 illuxit
970 920 997 968 in

111 1023 221 1057 amorem
237 1009 404 1058 inordinatum
415 1009 536 1073 relinqua·
567 985 695 1098 {2¹53}ss
713 991 839 1098 ngcffi’iae
845 983 997 1097 ’(10ιὲ1ιέἐέ

110 1088 172 1132 mus,
187 1080 211 1122 et
227 1088 358 1137 sequamur
373 1075 478 1122 eundem
495 1074 537 1123 Fi·
568 1113 626 1174 Dei,
639 1113 666 1161 in
676 1113 739 1162 facie
750 1112 844 1162 Christi
852 1112 920 1177 Jesu·

52 1187 55 1196 ,
110 1137 171 1185 lium
193 1143 263 1186 tuum
287 1138 373 1201 Jesum
400 1137 534 1197 Christum,

111 1201 153 1264 qui
172 1207 254 1250 tecum
278 1202 340 1251 vivit
359 1209 384 1251 et
402 1203 538 1266 regnatur
815 1244 819 1254 ,
950 1254 956 1267 ,-

110 1265 204 1314 unitate
224 1265 330 1330 Spiritus
351 1266 435 1315 Sancti
458 1267 535 1326 Deus,
699 1243 874 1312 manitilium·
944 1291 947 1311 ;

110 1344 155 1393 per
174 1331 258 1379 omnia
276 1329 367 1380 saecula
382 1329 534 1381 saeculorum.
681 1363 699 1414 s
723 1363 796 1413 Mast-
811 1362 873 1426 Μ

110 1396 198 1443 Amen·
234 1522 236 1526 ,
273 1462 402 1530 aetatula
633 1452 658 1502 T
676 1450 865 1565 eumdtrahnsiret
882 1452 997 1565 indpdje-

212 1570 228 1607 ²
239 1558 283 1608 Ad
295 1558 352 1608 cm·
368 1557 400 1608 iv*
418 1571 438 1608 ¹·
569 1588 620 1631 tem
631 1524 774 1640 insiZlovirig
793 1531 942 1630 ffitliligusm
953 1532 997 1630 ἐξ·

117 1645 225 1768 ΙΒΕΟ
245 1648 364 1697 habentes
384 1648 538 1698 administra·
569 1647 643 1695 mine.
674 1646 707 1695 Et
716 1647 750 1694 ait
758 1646 812 1694 illir
829 1645 939 1709 Sequere
946 1660 995 1695 me.

178 1713 279 1771 tionem,
290 1712 361 1776 juxta
370 1714 436 1777 quod
445 1711 538 1762 miseri·
570 1711 604 1759 Et
623 1726 731 1774 surgens,
753 1717 851 1759 secutus
869 1716 907 1758 est
929 1725 993 1758 eum.

111 1775 221 1824 cordiam
237 1777 360 1826 consecuti
377 1792 469 1835 sumus,
488 1793 539 1826 non
570 1775 604 1823 Et
614 1775 706 1823 sactum
726 1781 763 1823 est
779 1774 951 1823 discumbente
967 1789 998 1823 eo

111 1839 245 1899 deficimus,
268 1841 312 1889 sed
332 1841 477 1890 abdicamus
497 1858 538 1890 oc·
569 1840 596 1887 in
606 1840 690 1901 domo,
710 1854 767 1887 ecce
782 1838 854 1887 multi
871 1837 997 1902 publicani

111 1904 538 1964 cultadedecoris,nonambulantes
570 1911 595 1952 et
618 1910 758 1967 peccatores
782 1902 917 1961 venientes,
946 1902 996 1950 dis·

112 1968 138 2016 in
157 1969 254 2027 astutia,
276 1985 356 2033 neque
373 1971 538 2019 adulterantes
570 1968 718 2016 cumbebant
734 1982 790 2014 cum
804 1967 865 2030 Jesu
882 1974 907 2015 et
925 1966 996 2015 disci·

111 2032 214 2080 verbum
225 2033 282 2092 Dei,
302 2033 345 2082 sed
362 2033 387 2081 in
398 2034 537 2082 manifesta·
570 2031 634 2095 pulis
645 2031 704 2093 ejus.
741 2031 775 2080 Et
785 2031 898 2079 videntes
910 2030 997 2078 Phori-

111 2096 179 2145 tione
203 2098 312 2146 veritatis
337 2098 538 2148 commendantes
569 2096 619 2155 saei,
643 2096 759 2144 dicebant
780 2093 907 2158 discipulis
926 2094 997 2158 ejus:

111 2160 275 2224 nosmetipsos
291 2161 323 2209 ad
334 2177 434 2210 omnem
445 2164 537 2212 consci·
570 2160 653 2222 Quare
670 2175 726 2207 cum
742 2158 880 2222 publicanis
896 2166 922 2208 et
938 2173 995 2233 pec·

112 2225 204 2272 entiam
224 2225 353 2274 hominum
369 2242 453 2275 coram
470 2227 534 2276 Deo.
569 2224 693 2273 catoribus
721 2222 854 2271 manducat
880 2230 999 2286 magister

113 2289 188 2351 Quod
215 2289 236 2337 si
264 2291 338 2338 etiam
365 2298 479 2354 opertum
501 2300 539 2341 est
569 2290 668 2338 vester?
715 2288 752 2336 At
782 2288 853 2350 Jesus
884 2287 994 2346 audiens,

112 2353 266 2415 evangelium
290 2362 419 2404 nostrum:
446 2355 473 2403 in
497 2356 535 2413 iis,
570 2354 623 2402 ait:
640 2353 701 2401 Non
720 2358 756 2400 est
775 2367 838 2415 opus
857 2351 997 2400 valentibus

112 2418 154 2480 qui
175 2425 285 2480 pereunt,
312 2425 349 2466 est
364 2426 476 2482 opertum
489 2437 496 2480 3
512 2421 538 2469 in
570 2417 688 2475 medicus,
702 2416 746 2464 sed
761 2415 827 2463 male
838 2415 994 2463 habentibus.

113 2481 201 2545 quibus
217 2480 277 2530 deus
296 2482 368 2545 hujus
391 2484 474 2532 saeculi
497 2500 538 2532 ex·
570 2482 664 2530 Euntes
675 2488 757 2528 autem
772 2479 858 2528 discite
869 2479 930 2543 quid
941 2487 978 2528 est
991 2497 997 2527 z

112 2546 212 2594 caecavit
228 2553 322 2594 mentes
344 2545 488 2608 infidelium,
511 2556 539 2596 ut
570 2544 765 2594 Misericordiam
781 2544 848 2602 volo,
862 2551 949 2592 etnon
960 2559 997 2592 sa·

112 2625 163 2658 non
189 2609 281 2672 fulgeat
313 2610 362 2659 illis
392 2612 540 2661 illuminatio
572 2609 696 2659 orificium.
732 2607 793 2656 Non
809 2607 998 2657 enimvenivo·

113 2675 234 2738 evangelii
257 2674 341 2738 gloriae
367 2675 467 2737 Christi,
497 2677 540 2741 qui
572 2689 627 2724 care
635 2674 722 2737 justos,
736 2673 780 2720 sed
791 2679 939 2736 peccatores.

222 2797 258 2854 liu
268 2797 317 2854 miz
328 2797 417 2854 Serui
427 2797 562 2867 litterariis
572 2800 594 2853 rt
604 2795 715 2853 omnium
725 2793 886 2863 &turiurum

270 2903 371 2956 &falm-
571 2924 707 2974 ministeria
734 2924 916 2989 hominumque
949 2926 997 2974 dis-

212 2989 335 3040 TERNE
342 2992 419 3051 Deus,
427 2990 538 3056 quimiro
571 3005 660 3053 pensas
671 3007 678 3050 ;
696 2987 814 3038 Concede
826 2990 957 3053 propitius,
970 3000 997 3038 ut

259 3057 347 3106 ordine
382 3057 537 3120 Angelorum
570 3055 660 3119 quibus
682 3053 728 3103 tibi
751 3053 949 3104 ministrantibus
972 3056 997 3105 in

180 3129 228 3182 134
