2040 3458
301 178 371 238 uena
389 178 575 235 secundante
592 171 701 240 buscha.

66 313 137 363 decim
153 313 216 362 abiit
233 313 266 361 ad
282 328 391 362 summos
407 328 485 362 sacer·
516 314 567 364 ait:
593 313 697 374 Sumite,
721 314 770 363 hoc
794 321 830 364 est
853 331 941 380 corpus

66 379 135 438 dotes,
160 385 189 427 ut
210 378 327 442 proderet
349 393 405 426 eum
427 378 483 426 illis.
515 395 605 428 meum.
642 379 785 443 Etaccepto
794 380 876 440 calice,
886 396 940 444 gra-

66 442 108 505 Qui
126 443 257 491 audientes
272 441 350 515 gavisi
365 449 440 491 sunt:
462 449 487 491 et
515 443 562 491 tias
571 458 645 506 agens
654 443 723 492 dedit
732 444 767 492 eis
778 461 784 492 r
795 451 819 491 et
826 443 941 493 biberunt

64 506 225 570 promiserunt
252 507 276 554 ei
302 506 433 569 pecuniam
460 521 487 554 se
516 507 696 556 exilloomnes.
729 508 762 557 Et
773 508 877 556 aitillis:
890 508 941 556 Hic

64 571 165 620 daturos.
188 570 486 634 thuaerebatquomodo
516 578 553 620 est
574 572 672 634 sanguis
694 588 763 621 meus
782 573 841 621 nori
868 580 940 620 testa·

62 635 127 684 illum
144 641 286 698 opportune
303 634 416 684 traderet.
453 635 487 683 Et
516 636 601 696 menti,
615 637 657 700 qui
674 651 720 700 pro
733 636 816 684 multis
833 637 940 684 effunde-

62 701 139 762 primo
161 699 203 747 die
223 714 364 762 azymorum
386 699 487 763 quando
517 709 562 748 tur.
599 701 682 748 Amen
703 701 761 749 dico
782 701 861 760 vobis,
883 701 941 765 quia

61 765 150 826 pascha
167 763 339 822 immolabant,
360 763 447 812 dicunt
464 764 488 812 ei
514 763 715 826 jamnonbibam
723 765 754 813 de
762 765 810 813 hoc
817 781 941 828 gemmme

60 827 192 892 discipuli:
219 827 277 889 Quo
296 827 333 875 vis
350 843 442 886 eamus,
463 834 487 876 et
515 828 572 877 vitis
582 844 659 892 usque
675 829 701 877 in
712 829 779 877 diem
792 829 869 889 illum,
885 845 941 878 cum

60 907 174 955 paremus
186 892 232 939 tibi
243 898 271 940 ut
281 891 415 940 manduces
431 907 486 966 pas·
515 892 578 941 illud
594 893 679 942 bibam
695 908 787 942 novum
806 893 832 942 in
853 894 941 956 Regno

60 956 123 1006 cha?
156 956 191 1004 Et
202 955 279 1004 mittit
294 956 357 1004 duos
368 972 399 1004 ex
414 955 486 1004 drsci·
517 956 573 1006 Dei.
610 957 643 1005 Et
652 957 744 1021 hymno
753 958 820 1006 dicto
831 959 941 1006 exierunt

59 1021 123 1084 pulis
138 1019 198 1079 suis,
217 1026 242 1068 et
259 1020 319 1068 dicit
335 1020 386 1069 eis:
405 1020 444 1068 Ite
461 1021 487 1067 in
516 1021 542 1069 in
559 1029 669 1070 montem
686 1022 820 1070 Olivarum.
858 1023 890 1070 Et
907 1022 942 1069 ait

59 1085 193 1142 civitatem,
224 1089 248 1132 et
280 1090 390 1132 occurret
416 1084 487 1132 vobis
516 1085 551 1133 eis
568 1086 658 1148 Jesus:
683 1086 776 1134 Omnes
793 1086 941 1134 scandaliza·

58 1149 135 1198 homo
145 1149 262 1211 lagenam
278 1164 349 1211 aquae
364 1148 485 1211 bajulans,
516 1150 604 1198 bimini
625 1151 651 1198 in
673 1166 713 1198 me
735 1151 762 1198 in
783 1158 855 1199 nocte
878 1151 942 1198 ista:

59 1212 192 1278 sequimini
202 1227 277 1260 eum:
293 1221 318 1261 et
331 1227 487 1276 quocumque
516 1215 575 1278 quia
593 1215 711 1278 scriptum
731 1221 785 1262 est:
803 1215 942 1262 Percutiam

58 1276 188 1335 introierit,
198 1276 272 1325 dicite
279 1277 381 1325 domino
388 1277 485 1335 domus,
517 1285 647 1341 pastorem,
660 1285 684 1326 et
696 1279 865 1342 dispergentur
874 1294 937 1327 oves.

59 1342 117 1406 quia
134 1341 257 1404 Magister
273 1341 352 1389 dicit:
376 1341 428 1390 Ubi
451 1348 488 1389 est
519 1343 568 1391 Sed
576 1349 941 1407 postquamresurrexer0.prae-

58 1405 160 1454 refectio
178 1420 241 1463 mea,
262 1405 305 1473 ubi
322 1405 415 1468 pascha
431 1420 488 1454 cum
518 1407 827 1455 cedamvosinGalilaeam.
857 1407 943 1455 Petrus

58 1468 187 1534 discipulis
198 1470 260 1517 meis
268 1469 431 1518 manducem?
455 1470 488 1518 Et
518 1478 601 1519 autem
622 1471 656 1519 ait
678 1470 736 1519 illi:
764 1478 789 1519 et
813 1471 834 1519 si
856 1486 941 1519 omnes

58 1535 112 1598 ipse
123 1533 196 1582 vobis
210 1533 389 1582 demonstrabit
406 1549 487 1582 coena·
518 1535 674 1583 scandalizati
693 1535 782 1583 suerint
802 1536 828 1582 in
847 1542 879 1593 te,
899 1536 942 1582 sed

58 1599 143 1647 culum
153 1597 256 1661 grande,
267 1604 387 1646 stratum:
404 1604 428 1647 et
437 1598 488 1646 illic
517 1615 568 1646 non
591 1615 644 1662 ego.
682 1599 715 1647 Et
737 1600 771 1647 ait
792 1599 829 1647 illi
848 1600 942 1662 Jesus:

58 1669 145 1726 parate
156 1662 236 1710 nobis.
273 1662 307 1710 Et
315 1662 428 1710 abierunt
439 1662 487 1710 dis·
518 1664 600 1711 Amen
613 1663 669 1712 dico
685 1664 739 1721 tibi,
753 1663 811 1727 quia
825 1670 852 1711 tu
868 1663 942 1711 hodie

59 1726 136 1790 cipuli
149 1726 211 1789 ejus,
226 1733 251 1774 et
261 1733 379 1774 venerunt
391 1727 418 1774 in
430 1726 488 1774 civi·
517 1727 544 1775 in
555 1735 627 1776 nocte
638 1728 693 1786 hac,
707 1727 849 1791 priusquam
863 1727 942 1790 gallus

62 1797 160 1839 tatem:
193 1796 218 1838 et
250 1789 395 1839 invenerunt
425 1790 488 1838 sicut
517 1807 605 1840 vocem
623 1792 661 1840 bis
679 1791 780 1849 dederit,
804 1799 840 1840 ter
859 1807 899 1840 me
918 1807 943 1839 es

60 1855 155 1903 dixerat
190 1853 248 1913 illis,
283 1862 308 1902 et
341 1861 488 1917 paraverunt
518 1862 656 1919 negaturus.
704 1856 740 1903 At
766 1855 809 1904 ille
837 1855 943 1919 amplius

60 1919 159 1982 pascha
196 1918 306 1981 Vespere
318 1926 399 1966 autem
411 1918 485 1977 sacto,
517 1920 685 1984 loquebatur:
710 1919 744 1967 Et
765 1920 786 1968 si
808 1921 943 1982 oportuerit

59 1983 197 2031 venitcum
213 1982 352 2030 duodecim.
389 1982 423 2030 Et
439 1982 488 2030 dis·
519 2000 558 2032 me
569 1984 642 2032 simul
655 1984 773 2032 commori
790 1985 843 2042 tibi,
857 2000 908 2032 non
919 1991 943 2032 te

60 2046 234 2097 cumbentibus
245 2048 287 2104 eis,
302 2057 326 2094 et
338 2047 488 2094 manducan·
518 2049 622 2111 negabo.
667 2048 785 2096 Similiter
813 2057 895 2096 autem
919 2056 943 2097 et

61 2111 135 2170 tibus,
158 2113 193 2158 ait
210 2110 301 2173 Jesus:
327 2111 410 2159 Amen
431 2111 489 2159 dico
518 2128 604 2160 omnes
625 2112 746 2161 dicebant.
790 2113 823 2161 Et
842 2113 944 2160 veniunt

61 2175 139 2233 vobis,
153 2174 213 2238 quia
219 2190 282 2222 unus
291 2175 400 2223 exvobis
409 2175 489 2223 tradet
517 2177 544 2225 in
555 2177 683 2240 praedium,
704 2176 743 2225 cui
759 2192 850 2225 nomen
866 2177 942 2226 Geth·

60 2254 109 2298 me,
119 2239 164 2303 qui
175 2238 309 2287 manducat
319 2254 424 2287 mecum.
452 2240 488 2287 At
518 2241 619 2289 semani.
657 2241 690 2288 Et
698 2241 732 2288 ait
740 2241 866 2304 discipulis
877 2242 943 2290 suis:

61 2303 97 2352 illi
126 2309 255 2366 coeperunt
289 2303 434 2362 contristari,
465 2311 489 2352 et
519 2305 609 2354 Sedete
630 2304 672 2353 hic
693 2304 773 2353 donec
792 2322 867 2354 orem.
911 2307 944 2354 Et

61 2368 144 2416 dicere
152 2367 176 2415 ei
183 2367 342 2430 singulatim:
359 2367 488 2431 Numquid
519 2369 620 2417 assumit
638 2369 746 2428 Petrum,
768 2377 792 2418 et
810 2371 940 2433 Jacobum‚

61 2433 127 2495 ego?
160 2431 211 2493 Qui
230 2431 265 2479 ait
284 2431 349 2480 illis:
368 2431 439 2480 Unus
459 2447 490 2480 ex
519 2441 544 2481 et
561 2434 685 2496 Joannem
704 2448 805 2482 secum:
824 2443 848 2483 et
868 2435 944 2497 coepit

61 2495 194 2544 duodecim
228 2495 272 2559 qui
305 2496 404 2557 intingit
438 2512 488 2544 me·
519 2513 608 2561 pavere
620 2504 644 2546 et
655 2497 751 2546 taedere.
789 2500 822 2547 Et
833 2499 867 2546 ait
879 2499 944 2547 illis:

62 2576 118 2608 cum
146 2575 248 2608 manum
274 2559 301 2608 in
327 2561 415 2608 catino.
457 2561 490 2609 Et
520 2562 608 2610 Tristis
620 2568 656 2610 est
667 2562 749 2610 anima
758 2578 814 2610 mea
824 2579 901 2626 usque
912 2562 943 2609 ad

63 2624 142 2672 Filius
161 2623 262 2687 quidem
285 2624 402 2672 Hominis
421 2624 490 2673 vadit
520 2633 640 2675 mortem:
657 2629 774 2674 sustinete
785 2627 833 2685 hic,
848 2635 872 2674 et
883 2627 943 2688 vigi·

62 2689 124 2737 sicut
141 2689 260 2751 scriptum
277 2695 314 2736 est
331 2689 363 2736 de
381 2704 428 2736 eo:
451 2704 489 2737 vae
519 2689 575 2738 late.
608 2691 641 2739 Et
653 2706 709 2738 cum
717 2691 872 2754 processisset
884 2706 943 2753 pau-

62 2762 146 2801 autem
167 2752 264 2800 homini
286 2751 330 2810 illi,
353 2768 489 2816 perquem
519 2754 604 2812 lulum,
623 2755 729 2818 procidit
746 2769 819 2817 super
836 2762 943 2802 terram:

64 2816 490 2876 FiliusHomiuistradetur;bonum
520 2826 545 2867 et
567 2820 653 2867 orabat
675 2824 710 2877 ut,
735 2818 756 2865 si
778 2817 829 2865 fieri
850 2826 940 2880 posset,

64 2888 115 2929 erat
127 2881 157 2939 ei,
168 2881 253 2929 sinon
261 2887 325 2929 esset
335 2881 490 2929 natushomo
520 2883 632 2931 transiret
648 2883 679 2930 ab
694 2897 724 2931 eo
738 2881 816 2929 hora:
832 2890 855 2930 et
868 2883 943 2931 dixit:

57 2944 112 2993 'ille
150 2945 184 2993 Et
205 2944 411 2993 manducantibus
430 2945 487 3004 illis,
520 2947 596 2994 Abba
611 2947 691 3004 Pater,
706 2946 789 2993 omnia
806 2947 851 2995 tibi
868 2948 944 3010 possi-

65 3009 160 3072 accepit
169 3009 242 3071 Jesus
253 3024 360 3072 panem:
377 3017 402 3058 et
416 3009 489 3058 bene·
519 3010 580 3058 bilia
588 3018 651 3068 sunt,
662 3010 765 3058 transfer
771 3010 872 3060 calicem
878 3012 945 3062 hunc

65 3073 151 3123 dicens
167 3073 248 3137 fregit,
271 3080 296 3121 et
315 3073 383 3121 dedit
401 3074 443 3133 eis,
466 3081 491 3122 et
521 3091 536 3121 a
546 3089 587 3123 me
596 3093 603 3134 3
620 3075 663 3122 sed
675 3090 725 3123 non
736 3075 803 3140 quod
818 3092 865 3141 ego
876 3077 942 3136 volo,

128 3137 161 3199 63
