2092 3450
295 159 418 229 {iteruin
428 158 734 217 estrumentum.
764 154 779 193 ⁸
835 152 840 159 '

80 309 110 361 in
128 308 228 363 salutis
244 318 303 365 true
321 308 507 379 prosperitate
609 306 853 363 MNIPOTENS
878 305 962 369 Deus,

80 377 216 449 disponet
228 388 260 433 ut
267 379 342 435 inter
347 379 507 435 omnesviae
625 378 711 433 totius
728 375 962 445 sapientiarum,

80 456 109 502 et
138 447 205 503 vitae
233 447 317 519 hujus
346 449 507 515 varietates,
537 447 583 503 cui
600 457 679 519 patet
690 446 768 517 quod
781 445 961 516 opossitno

79 518 213 587 praesenti
230 518 431 573 misericordiae
449 528 507 573 tuae
537 518 583 573 bis
594 526 766 587 anteaquam
820 525 924 581 tamus,
934 524 961 568 et

81 742 150 783 num
160 736 297 783 nostrum.
332 729 436 783 Amen.
537 726 732 783 infirmitatum
740 736 918 789 nostrarum
934 734 960 777 et

536 814 602 867 quae
612 814 664 867 pro
682 795 851 864 indignitate
868 804 960 848 nostra

144 866 295 936 RAESTA,
334 882 506 939 quaesumus,
537 878 633 936 petere
644 882 703 922 non
713 864 900 930 audemuuet
912 880 959 934 pro

156 936 243 991 Omni
281 946 344 991 tens
365 938 454 1005 Deus,
475 949 507 992 ut
536 937 666 992 caecitate
682 944 780 990 nostra
791 950 850 989 non
864 951 958 1003 possu-

81 1006 239 1075 verbaquae
266 1006 505 1061 odieauribusex-
536 1016 649 1074 mns,tu
657 1005 741 1060 nobis
749 1004 888 1074 propitius
897 1020 958 1084 con·

81 1077 167 1133 terius
179 1077 350 1146 accepimus,
361 1077 401 1131 ita
415 1078 507 1145 gratia
536 1076 636 1131 cedere
645 1074 958 1144 dignerispropterdrg·

81 1157 130 1199 tua
137 1146 269 1201 cordibus
277 1147 382 1201 nostris
389 1147 506 1201 interius
536 1146 654 1201 nitatem
663 1145 727 1199 Filii
734 1144 850 1213 tuiJesu
858 1141 958 1199 Christi

61 1216 507 1281 'inserantunutinnobisbonae
537 1215 655 1271 Domini
666 1214 762 1271 nostri
798 1215 903 1269 Amen.
954 1264 957 1269 .

61 3196 69 3223 1

82 1285 148 1339 vitae
165 1284 286 1341 fructum
299 1284 450 1356 proferant,
467 1286 506 1341 ad

81 1355 506 1411 honoremetlaudemNominis
607 1354 848 1411 MNIPOTENS
874 1354 958 1415 Deus,

82 1425 129 1479 tui
168 1426 221 1479 Per
243 1426 341 1495 Jesum
363 1426 507 1481 Christum
642 1424 740 1496 quiin
753 1425 880 1479 Nomine
898 1423 958 1477 Filii

83 1494 382 1551 Dominumnostrnm.
402 1496 505 1551 Amen.
536 1494 578 1551 tui
588 1495 748 1563 rogantium
756 1494 906 1564 petitiones
915 1510 958 1548 ex·

537 1563 836 1635 audire'promisisti3
871 1567 959 1617 Aures

148 1635 344 1690 CTIONES
386 1646 507 1702 nostras,
537 1649 608 1700 tuas,
627 1651 796 1704 quaesumus‚
814 1633 896 1686 nobis
914 1634 958 1686 be·

182 1721 350 1774 quaesumus,
376 1707 508 1774 Domine,
538 1707 639 1773 nigrius
649 1704 760 1770 inclina,
770 1704 817 1773 qui
828 1703 888 1772 jam
901 1720 958 1771 pre·

83 1774 234 1843 aspirando
248 1775 378 1843 praeveni,
389 1786 415 1829 et
429 1777 507 1845 adju·
538 1792 585 1829 ces
594 1774 958 1842 etsuppiicationesnostras

83 1845 175 1897 vando
188 1862 371 1914 prosequere;
383 1856 506 1901 utcunc·
538 1862 633 1898 coram
651 1854 680 1898 te
697 1843 829 1896 fecimus:
851 1854 878 1896 et
896 1860 959 1897 con·

84 1925 112 1967 ta
124 1924 219 1968 nostra
231 1916 421 1983 operatioate
434 1933 506 1970 sem·
538 1915 607 1969 cede
641 1925 671 1967 ut
707 1929 770 1982 quae
805 1913 960 1966 secundum

83 2001 133 2054 per
144 1985 268 2052 incipiat,
277 1994 305 2038 et
318 2002 367 2054 per
376 1996 404 2039 te
414 1996 507 2055 coepta
537 1986 709 2038 voluntatem
736 1994 813 2036 tuam
844 1983 960 2036 fideliter

84 2055 204 2121 finiatur,
222 2064 358 2124 quatenus
377 2067 507 2110 sanctum
537 2055 705 2122 rogavimus,
724 2053 874 2106 efficaciter
895 2070 960 2106 con·

86 2126 199 2176 Nomen
215 2134 293 2177 tuum
311 2125 506 2192 glorificemus,
537 2141 694 2194 sequamur,
702 2124 739 2177 ad
749 2123 907 2176 subsidium
915 2139 960 2175 ne·

84 2203 112 2247 et
135 2194 327 2247 misericordia
351 2205 399 2248 tua
419 2196 507 2249 vitam
538 2194 676 2248 cessitatis
686 2203 790 2246 nostrae
800 2193 874 2246 etad
887 2193 960 2245 illus·

84 2273 434 2333 aetemamconsequamur.
455 2266 507 2318 Per
537 2264 667 2317 trandam
675 2263 792 2330 gloriam
800 2273 885 2316 tuam.
910 2264 961 2315 Per

84 2335 180 2403 Jesum
197 2333 339 2386 Christum
352 2335 507 2388 Dominum
537 2335 633 2403 Jesum
647 2333 788 2385 Christum
806 2333 961 2386 Dominum

85 2412 219 2458 nostrum.
254 2404 354 2459 Amen.
539 2413 672 2458 nostrum.
709 2403 811 2458 Anien.

84 2561 117 2610 ln
132 2558 290 2610 Dominicis
303 2557 468 2626 caeterisque
481 2558 579 2611 dicbus
592 2557 680 2625 sestiS,
693 2557 728 2626 (si
746 2557 822 2610 nulia
841 2558 877 2610 sit
896 2559 966 2610 (rin-

118 2630 161 2682 cio
174 2630 217 2682 vel
233 2629 419 2695 Communio,)
434 2646 468 2681 ea
481 2631 576 2681 omnia
588 2630 717 2682 dicantur
729 2646 793 2697 quae
813 2630 841 2681 in
863 2630 963 2680 Ordim⁴

120 2699 332 2752 Communionis
345 2701 509 2768 praescripta
522 2710 595 2764 sunt,
608 2717 696 2768 usquc
715 2700 752 2751 ad
769 2700 854 2753 finem
876 2701 967 2751 Evan-

118 2770 190 2836 gciii,
204 2788 268 2823 cum
282 2770 484 2823 Benedictionc
498 2772 533 2822 ad
548 2770 750 2824 absolvendum
771 2770 910 2822 Officium,

84 2842 165 2905 Item,
181 2841 278 2910 Siquid
297 2842 453 2894 consecrati
475 2842 558 2894 Panis
578 2852 625 2895 aut
647 2841 710 2892 Vini
731 2841 867 2909 reliquum
881 2842 968 2893 fucrit.

121 2911 326 2964 Communione
344 2923 467 2980 peracta,
480 2930 537 2964 non
555 2931 588 2966 ex
608 2912 737 2965 Ecclesia
757 2912 907 2977 auferatur,
921 2912 966 2963 sed

118 2983 213 3033 statim
227 2992 290 3050 post
303 2983 532 3035 Benedictionem
548 2984 677 3036 Minister
691 2983 793 3050 aliique
808 2984 977 3058 Communi-7

117 3062 214 3104 cantes
228 3053 257 3105 id
270 3062 428 3107 reverenter
440 3054 611 3107 manducent
625 3064 652 3107 ct
666 3055 772 3106 bibant.

144 3180 196 3235 4²4
