2092 3450
412 129 453 186 Oh
470 134 600 202 l'rsprtuz.

67 282 166 365 Tertia
180 290 287 357 Oratio,
300 306 351 359 pro
369 290 424 344 Dei
443 294 493 347 ad·
528 300 669 355 Christum
698 300 854 355 Dominum
886 317 950 356 nos·

97 362 209 484 Jutoriol
235 362 370 415 adversus
395 365 492 419 omnia
523 379 606 425 trum.
641 372 744 426 Amen.
781 370 898 439 (156o.*)

100 444 198 495 pencu
210 450 235 486 a.

69 545 301 671 ILLUMINA,
332 567 492 620 quaesumus

135 620 258 672 Domine
267 622 353 687 Deus,
361 621 491 683 tenebras

8 724 14 766 ,
63 697 200 743 nostras:
235 698 263 769 et
291 690 377 743 totius
409 691 491 813 Ιὶυὲιξε
595 733 613 787 1.

62 757 157 811 noctis
177 757 296 838 insidias
316 769 348 812 tu
371 777 389 812 a
408 777 446 813 no
467 778 491 814 rs
523 749 663 856 Susspmes
693 743 720 787 te
750 752 890 802 ¹⁰g³m¹¹s’
911 746 951 847 Ἓξ

62 827 166 895 repelle
186 837 330 949 propinus.
376 831 492 953 Propter
522 803 558 855 Α]
579 816 668 857 ertum
687 804 852 886 Edvasfflunff
866 807 938 886 ‚prm

62 895 179 949 unicum
201 897 234 950 Fi
247 897 303 951 'um
321 907 400 952 ,uum
452 900 479 953 al
523 888 614 941 crpem
622 874 950 945 Wallrae,Prrncrp1ssam

62 975 191 1019 morem
225 976 360 1031 nostrum,
395 933 491 1036 jem]
525 943 642 1009 Walliae,
655 952 682 996 et
697 944 857 997 universam
870 945 950 1025 'Gen-

65 1034 217 1088 Christun,
253 1037 346 1090 ΑΜ
523 1020 581 1064 tem
611 1012 739 1080 Regiam,
775 1014 949 1080 benedicere,

348 1076 355 1091 '
524 1081 627 1149 Spiritu
637 1083 742 1135 Sancto
750 1092 798 1136 tuo
806 1083 950 1146 adornare,

58 1158 93 1210 In
126 1157 229 1210 choris
261 1165 288 1210 et
320 1157 404 1211 Locis
439 1160 487 1213 ubi
523 1151 629 1204 coelesti
647 1152 739 1220 gratia
756 1153 854 1220 ditare,
873 1155 949 1206 omni

93 1229 234 1281 cantores
249 1228 313 1291 sint,
325 1228 373 1282 hic
395 1231 486 1299 sequi.
522 1218 653 1275 felicitate
672 1238 843 1291 prosperare,
864 1231 891 1276 et
912 1223 948 1276 ad

92 1309 139 1352 tur
151 1299 326 1367 Antiphona.
522 1306 638 1357 regnum
656 1299 735 1344 tuum
755 1294 869 1346 coeleste
890 1310 950 1361 per-

522 1358 622 1440 ducere
630 1360 761 1428 digneris.
779 1362 949 1442 'PerJesum

57 1439 478 1509 OratioproRegiaMajestate.
524 1429 666 1483 Chnstum
700 1433 856 1484 Domlnum
886 1448 948 1485 nos-

134 1556 279 1625 OMINE,
296 1559 378 1613 Pater
395 1569 490 1614 noster
519 1505 600 1552 trum·
637 1501 738 1554 Amen·

154 1627 285 1695 coelestis,
294 1629 341 1697 qui
351 1630 488 1683 maximus
519 1615 617 1669 Oratio
627 1634 678 1686 pro
688 1620 769 1673 Clcro
780 1630 807 1674 et
819 1622 932 1691 Populo.

548 490 646 544 Oratio
660 508 711 560 pro
728 492 822 544 Domo
837 491 933 561 Regia.

595 595 834 650 MNIPOTENS
865 598 951 663 Deus,

628 664 691 718 fons
703 666 789 719 totius
807 666 950 731 bonitatis,

63 1695 329 1766 potentissimusque
338 1715 367 1751 es
379 1700 438 1752 Rex
447 1717 488 1754 re·
591 1737 829 1792 MNIPOTENS
846 1739 946 1808 semp,

62 1780 137 1831 gum,
170 1767 309 1820 Dominus
342 1767 488 1822 dominan-

12 1876 17 1889 .
62 1834 141 1901 tium,
161 1843 190 1888 et
209 1835 367 1917 principum
390 1838 488 1892 unicus

64 1902 234 1970 Moderator‚
257 1921 305 1975 qur
329 1907 364 1960 de
387 1908 488 1961 throno

62 1980 110 2025 tuo
140 1988 239 2027 omnes
271 1984 352 2030 terrae
381 1976 487 2031 incolas

62 2040 177 2096 intueris
187 2062 194 2107 ;
211 2044 357 2112 Supplices
369 2054 397 2098 te
408 2063 487 2115 roga-

62 2127 125 2164 mus
141 2121 171 2165 ut
191 2113 345 2167 Dominam
362 2125 488 2169 nostram

62 2180 320 2250 clementissimam,
350 2185 488 2253 Reginam

62 2248 225 2318 Victoriam,
258 2252 396 2320 benignus
431 2272 487 2308 res-

62 2319 168 2386 picias;
195 2330 223 2374 et
244 2338 308 2375 eam
329 2324 425 2377 Sancti
447 2325 487 2378 tui

11 2435 16 2448 ,
63 2388 182 2458 Spiritus
211 2391 302 2458 gratia
331 2392 370 2446 ita
399 2393 487 2447 adim-

62 2458 147 2526 pleas,
167 2467 199 2512 ut
222 2476 332 2529 semper
352 2462 388 2514 ad
409 2471 487 2516 tuam

61 2527 234 2582 voluntatem
246 2546 276 2583 se
286 2530 407 2599 inclinet,
418 2542 445 2586 et
457 2533 486 2586 in

61 2596 162 2650 viatua
170 2599 302 2652 ambulet.
332 2601 487 2655 Accumula

624 1815 702 1860 terne
715 1809 802 1874 Deus,
815 1809 862 1877 qui
878 1808 947 1862 facis

519 1873 863 1945 mirabiliamagnasolus;
875 1879 947 1932 Prae-

519 1943 603 1997 tende
627 1962 709 2014 super
733 1946 852 2001 famulos
882 1956 945 2000 tuos

521 2013 669 2068 Pontifices
682 2026 802 2081 nostros
819 2026 846 2070 et
864 2017 946 2070 Paro-

519 2083 595 2149 chos,
609 2093 636 2137 et
653 2101 736 2152 super
748 2096 864 2139 cunctos
878 2087 946 2140 Gre-

518 2168 567 2218 ges
586 2153 640 2206 illis
659 2155 833 2222 commissos
848 2156 944 2225 Spirit-

518 2238 566 2274 um
585 2223 682 2289 gratiae
701 2225 850 2289 salutaris;
869 2235 896 2278 et
914 2235 944 2278 ut

518 2291 547 2343 in
556 2292 672 2346 veritate
682 2293 732 2346 tibi
743 2294 943 2363 complaceant,

507 2370 681 2429 perpetuum
709 2363 749 2416 eis
773 2380 865 2417 rorem
888 2374 944 2417 tuae

517 2430 851 2486 benedictionisinsunde.
880 2434 942 2486 Hoc

517 2515 685 2567 quaesumus,
697 2502 828 2570 Domine,
838 2502 943 2556 donare

516 2568 648 2637 digneris,
673 2571 702 2623 in
725 2570 862 2626 honorem
885 2573 943 2625 Ad-

62 2665 90 2718 in
105 2683 170 2720 eam
188 2668 315 2721 coelestia
326 2679 375 2723 tua
392 2670 485 2724 dona,
516 2639 608 2691 vocati
624 2647 651 2692 et
670 2640 836 2695 Mediatoris
854 2643 942 2695 nostri

477 2713 485 2736 9

61 2733 104 2789 sac
133 2745 165 2790 ut
188 2736 238 2790 diu
261 2754 331 2791 sana
354 2748 381 2793 et
408 2740 486 2794 salva
515 2708 583 2774 Jesu
598 2708 707 2763 Christi·
743 2711 845 2763 Amen·

59 2805 135 2858 vivat
146 2824 155 2870 ;
167 2821 232 2860 eam
243 2807 284 2860 ita
294 2809 444 2863 corrobora
455 2821 485 2864 ut
513 2831 611 2886 Oratio
623 2834 696 2888 Sanc

61 2889 157 2929 omnes
177 2876 274 2930 hostes
291 2877 438 2943 devincat3
457 2889 485 2934 et

14 2995 19 3007 ,
60 2944 183 3012 tandem,
206 2955 271 3014 post
294 2947 368 3000 hanc
389 2948 484 3017 vitam,
586 2952 824 3007 MNIPOTENS
854 2955 940 3020 Deus,

60 3013 217 3069 adaetemae
225 3015 406 3070 beatitudinis
417 3035 484 3086 gau·
631 3021 679 3090 qui
709 3021 791 3075 nobis
819 3023 940 3090 gratiam

60 3081 106 3137 dia
125 3085 278 3153 perveniat
316 3087 369 3140 Per
387 3087 484 3156 Jesum
514 3089 625 3160 dedisti,
637 3089 949 3165 uthoctemporecon·

123 3164 153 3216 17
485 3181 501 3218 a

699 2835 719 2888 ti
731 2835 930 2903 chrysostomi
