2092 3450
327 157 446 230 dituculo
457 164 547 232 {trina
559 161 717 222 belamuto.

70 309 127 348 nus
139 293 281 349 ordinavit
293 293 327 349 iis
340 295 388 365 qui
403 296 499 349 Evan-
530 295 711 351 ministrastis
721 296 837 365 sanctis,
846 306 874 353 et
884 297 956 350 min-

71 363 499 433 geliumannuntiantdeEvan-
530 366 643 421 istratis.
684 375 722 428 ad
737 376 850 433 Hebrae,
865 378 898 430 vi,

70 435 260 504 geliovivere.
300 441 366 496 rad
381 444 442 500 Cor.
457 445 492 500 ix.
566 438 768 494 Beneficentiae
801 448 896 492 autem
927 448 955 492 et

13 520 18 527 ·
109 505 165 574 Qui
174 523 259 576 parce
277 507 397 568 seminat
414 524 500 577 parce
530 510 736 563 communionis
767 510 855 563 nolite
886 509 956 563 obli-

71 585 99 630 et
123 587 230 642 metet;
257 587 285 631 et
310 579 358 648 qui
378 579 498 634 seminat
529 579 618 635 visci:
636 580 740 634 talibus
760 580 955 634 enimhostiis

70 647 100 700 in
108 648 362 717 benedictionibus,
370 650 405 703 de
413 650 498 704 bene·
529 660 703 719 promeretur
716 653 804 707 Deus.
843 657 880 712 ad
901 659 957 714 He.

10 770 20 786 ,ἱ
71 717 245 772 dictionibus
258 728 285 773 et
303 728 397 773 metet
437 720 497 774 Un·
524 728 599 784 brae.
612 730 667 785 xiii,

70 789 226 859 usquisque
244 799 327 859 prout
346 791 498 845 destinavit
565 789 621 860 Qui
628 792 759 846 habuerit
766 791 954 846 substantiam

70 859 100 912 in
110 860 197 914 corde
207 877 331 926 suo,n0n
342 878 375 914 ex
384 861 499 916 tristitia
528 861 612 930 hujus
647 863 755 930 mundi,
789 872 816 916 et
852 862 954 916 viderit

70 940 119 983 aut
130 947 164 984 ex
174 931 361 986 necessitate:
379 932 497 987 hilarem
528 932 642 986 fratrem
656 951 737 987 suurn
755 934 953 989 necessitatem

71 1001 148 1055 enim
162 1000 290 1056 datorem
302 1002 393 1071 diligit
408 1005 497 1059 Deus.
528 1003 642 1071 habere,
655 1015 683 1058 et
695 1004 825 1058 clauserit
843 1005 954 1058 viscera

68 1087 83 1126 2
96 1072 135 1129 ad
151 1075 214 1130 Cor.
228 1075 261 1129 ix.
528 1091 580 1127 sua
593 1075 630 1128 ab
648 1091 690 1141 eo,
703 1074 845 1144 quomodo
864 1074 954 1129 chari-

107 1141 341 1198 communicetis
354 1144 402 1214 qui
421 1154 496 1199 cate-
528 1154 573 1198 tas
598 1145 653 1199 Dei
677 1155 773 1200 manet
797 1145 826 1199 in
848 1162 890 1200 eo.
943 1176 952 1214 1

70 1212 197 1267 chizatur
207 1213 293 1268 verbo
306 1214 331 1268 ei
345 1215 392 1285 qui
408 1232 438 1268 se
450 1232 496 1269 ca·
528 1223 610 1291 Joan⁰
624 1224 661 1277 iii,

10 1334 13 1343 ,
69 1283 241 1351 techizat‚in
254 1285 385 1339 omnibns
404 1286 495 1340 bonis.
563 1285 608 1339 Ex
638 1286 796 1340 substantia
828 1296 878 1341 tua
907 1285 952 1341 lac

10 1345 29 1371 *
70 1354 169 1409 Nolite
177 1368 277 1422 errare,
288 1356 495 1410 Deusnonirri·
528 1355 746 1425 eleemosynam,
758 1366 787 1411 et
798 1357 856 1410 noli
873 1375 952 1411 aver·

68 1425 169 1480 detur:
194 1442 258 1495 quae
278 1426 355 1480 enim
375 1427 496 1480 semina·
528 1435 586 1480 tere
607 1427 707 1481 faciem
730 1437 809 1482 tuam
833 1429 870 1482 ab
894 1429 951 1482 ullo

68 1496 140 1550 verit
159 1495 254 1564 homo,
273 1497 335 1551 haec
353 1507 382 1552 et
399 1507 495 1553 metet.
528 1514 670 1567 paupere:
695 1498 736 1551 ita
755 1498 832 1552 enim
854 1498 901 1552 fiet
920 1508 952 1553 ut

65 1566 103 1622 ad
117 1567 198 1624 Gala.
211 1570 247 1624 vi.
527 1583 579 1621 nec
604 1585 621 1621 a
645 1577 674 1623 te
697 1578 839 1624 avertatur
864 1570 951 1624 facies

106 1635 185 1690 Dum
213 1646 324 1707 tempus
356 1637 495 1694 habemus
527 1638 653 1693 Domini.
692 1645 773 1700 Tobi.
787 1647 821 1701 iv.

68 1708 495 1776 operemurbonumadomnes:
563 1708 713 1777 Quomodo
748 1711 873 1779 potueris
911 1710 952 1764 ita

68 1777 192 1832 maxime
204 1787 300 1834 autem
312 1779 350 1832 ad
362 1780 495 1835 domesti-
526 1790 587 1833 esto
611 1780 779 1834 misericors.
829 1781 859 1836 Si
880 1782 951 1834 mul·

67 1864 118 1902 cos
132 1849 206 1905 fidei.
240 1852 278 1909 ad
291 1854 370 1911 Gala
384 1857 420 1911 vi.
526 1859 586 1903 tum
601 1850 652 1904 tibi
670 1851 762 1917 fuerit,
774 1852 952 1906 abundanter

10 1918 29 1955 Γ
105 1920 160 1974 Est
207 1930 332 1989 quaestus
374 1938 495 1989 magnus
526 1920 636 1976 tribue:
679 1921 703 1974 si
734 1922 864 1990 exiguum
897 1923 950 1976 tibi

67 1988 172 2059 pietas,
206 2007 271 2044 cum
307 1991 495 2047 sufficientia:
525 1990 616 2058 suerit,
627 1990 712 2045 etiam
721 1993 851 2060 exiguum
861 1992 950 2047 liben-

67 2060 139 2114 nihil
174 2061 250 2116 enim
286 2061 431 2116 intulimus
464 2063 494 2116 in
526 2070 569 2115 ter
589 2062 726 2132 impertiri
748 2063 848 2117 stude:
878 2080 949 2133 prae·

66 2130 145 2186 hunc
164 2132 319 2197 mundum;
348 2131 426 2186 haud
444 2133 493 2186 du·
524 2132 613 2186 mium
648 2133 725 2186 enirn
760 2134 867 2187 bonum
897 2135 949 2189 tibi

67 2201 147 2274 bium
159 2203 236 2273 quod
245 2220 298 2258 nec
308 2203 416 2258 auferre
426 2203 494 2275 quid
524 2203 696 2258 thesaurizas
716 2204 747 2257 in
766 2204 812 2259 die
829 2205 950 2259 necessi·

66 2289 227 2342 possumus.
284 2293 294 2330 1
330 2280 367 2333 ad
398 2283 488 2340 Timo.
524 2273 599 2328 tatis.
636 2277 718 2330 TObi·
732 2278 765 2332 iv·

62 2343 96 2396 vi.
561 2345 727 2399 Foeneratur
752 2345 877 2399 Domino
901 2345 949 2415 qui

104 2414 249 2468 Divitibus
284 2414 368 2486 hujus
397 2414 493 2469 saeculi
523 2414 672 2469 miseretur
715 2416 867 2485 pauperis:
920 2426 948 2471 et

15 2475 28 2493 “
64 2485 191 2555 praecipe
236 2485 320 2540 facile
362 2486 495 2554 tribuere,
523 2484 746 2540 vicissitudinem
759 2502 839 2539 suam
849 2486 950 2542 reddet

10 2560 12 2579 ²
66 2554 494 2611 communicare:thesaurizare
523 2555 557 2610 ei.
594 2561 723 2619 Proverb.
737 2564 789 2616 xix,

66 2626 122 2681 sibi
147 2626 362 2682 fundamentum
386 2626 493 2681 bonum
559 2628 666 2680 Beatus
674 2626 721 2697 qui
729 2626 857 2694 intelligit
865 2644 950 2697 super

65 2695 97 2750 in
121 2696 253 2764 futurum,
277 2707 307 2752 ut
337 2698 493 2768 apprehen·
523 2713 644 2765 egenum
668 2708 696 2751 et
720 2712 892 2766 pauperem:
919 2699 949 2752 in

66 2767 138 2822 dant
158 2783 255 2821 veram
275 2768 371 2823 vitam.
414 2796 423 2834 1
448 2783 486 2838 ad
524 2767 571 2821 die
582 2768 659 2822 mala
670 2768 800 2823 liberabit
813 2785 878 2823 eurn
890 2770 948 2824 Do·

59 2839 200 2895 Tim0.vi.
523 2838 625 2893 minus·
658 2859 731 2912 Psap
745 2860 789 2911 xli,

104 2908 173 2962 Non
185 2907 262 2962 enim
274 2907 394 2978 injustus
405 2910 494 2978 Deus,

10 3020 33 3053 ,,
65 2986 99 3034 ut
107 2978 290 3033 obliviscatur
299 2980 494 3049 operisvestri,
521 2996 579 3049 Ubi
618 2997 719 3052 Clerici
755 3000 812 3054 sint
857 3020 942 3056 unam

65 3059 96 3105 et
117 3049 277 3104 dilectionis
296 3067 382 3120 quam
401 3060 495 3105 osten·
549 3067 593 3120 ve]
624 3069 717 3136 pmes
747 3040 902 3127 cant'abun:
926 3093 941 3128 e

67 3119 194 3254 (Ῑῑῖῑὶέόὶἒ
204 3119 329 3177 N⁰mi¹¹0
337 3120 436 3191 ipsius,
445 3120 508 3244 quiz
519 3202 542 3244 Α
553 3139 710 3195 Sententiis
737 3145 960 3211 suprascriptisx
