2092 3450
407 175 447 230 m
465 170 632 229 aerimantia.

114 315 333 372 Parochusautem,
347 314 388 377 qui
401 313 426 362 in
434 314 544 378 qualibet
555 313 656 363 ecclesia
666 313 802 363 Parochiali
811 314 850 363 vel
858 314 961 379 Capella

83 380 211 438 ministrat,
226 379 251 427 in
262 379 357 438 eadem,
371 378 418 427 nisi
430 381 530 443 peregre
541 379 580 438 sit,
594 379 634 427 vel
645 379 715 427 aliter
725 379 904 428 rationabiliter
914 379 960 428 im·

81 444 184 517 peditus,
196 442 303 491 officium
313 443 396 491 dicet:
413 450 437 492 et
449 444 480 491 ad
492 444 517 491 id
529 443 723 492 annuntiandum
732 443 807 506 paulo
818 450 876 492 ante
887 459 961 508 quam

82 507 181 571 incipiat
192 522 247 555 cam
265 522 338 554 anam
348 506 494 570 pulsandam
506 508 607 566 curabit,
621 523 671 571 quo
683 507 790 571 populus
800 509 832 556 ad
848 508 898 557 Dei
908 523 962 557 ver·

81 572 140 620 bum
151 522 300 620 audientium
311 578 336 619 et
347 586 404 620 cum
414 588 444 621 eo
455 573 575 621 orandum
586 573 716 620 convenire
728 572 811 636 possit.

353 852 400 932 βε
421 852 677 930 caerimoniis,

88 1028 124 1065 ΕΤ
140 1028 199 1074 Qua
215 1029 339 1066 RATIONE
355 1029 430 1066 ALIAE
446 1029 608 1076 ABROGATAE,
627 1029 702 1067 ALIAE
720 1029 856 1066 RETENTAE
872 1029 954 1068 SUNT.

139 1161 335 1210 AERIMONIA
340 1163 418 1212 RUM
430 1162 519 1226 quibus
531 1178 560 1210 ex
569 1162 720 1224 institutione
731 1162 839 1210 humana
853 1161 964 1210 oriundis

84 1170 138 1296 C
169 1225 246 1273 utitur
263 1226 382 1285 Ecclesia,
402 1225 457 1275 aliae
473 1227 580 1289 quidem,
595 1227 676 1290 primo
692 1227 790 1274 nonnisi
807 1227 849 1289 pio
865 1240 895 1274 ac
910 1225 961 1273 sin·

81 1304 137 1338 cero
148 1290 250 1337 consilio
260 1289 378 1348 confictae,
390 1299 476 1354 postea
487 1291 513 1338 in
521 1291 654 1338 vanitatem
666 1297 690 1339 et
699 1289 896 1354 superstitionem
904 1297 970 1345 sunt,

81 1369 221 1402 conversae:
238 1354 293 1402 aliae
309 1369 375 1413 vcro,
396 1369 456 1418 quas
472 1355 567 1402 induxit
584 1355 662 1418 pietas
679 1355 792 1418 quaedam
808 1354 890 1402 minus
924 1369 951 1401 nr

81 1418 149 1474 dena,
164 1424 188 1465 et
204 1417 329 1466 aemulatio
342 1417 390 1467 Dei
406 1434 462 1483 quae
473 1419 607 1466 secundum
622 1418 750 1467 scientiam
762 1434 812 1466 non
828 1425 888 1476 erat,
902 1369 962 1466 lum

82 1483 107 1529 in
124 1482 154 1529 iis
170 1489 280 1530 recenter
301 1483 391 1531 exortis
407 1483 520 1531 homines
544 1482 715 1542 connivebant,
734 1483 812 1545 magis
836 1498 868 1530 m¹
895 1482 964 1546 'sque

83 1545 161 1594 indies
173 1546 198 1593 in
209 1561 264 1594 eam
275 1545 432 1594 declinabant
444 1547 597 1610 pravitatem,
611 1562 674 1611 quae,
689 1547 746 1610 quia
757 1562 807 1594 non
822 1561 847 1594 m
882 1562 898 1595 o
909 1545 963 1594 inu·

82 1610 131 1657 tilis
143 1618 201 1668 erat,
216 1610 259 1658 sed
271 1611 345 1658 etiam
356 1611 475 1674 populum
484 1626 582 1674 prorsus
593 1612 738 1669 occaecabat,
754 1611 851 1674 Deique
858 1609 962 1672 gloriam

81 1674 234 1733 obscurabat,
251 1674 304 1737 jam
320 1675 420 1723 tandem
444 1675 541 1738 penitus
564 1675 695 1723 recidenda
711 1683 747 1723 est
764 1690 794 1723 ac
816 1673 958 1736 rejicienda

82 1738 216 1787 Nonnullae
227 1746 309 1787 autem
321 1747 377 1786 sunt
390 1739 551 1798 Caerimoniae,
566 1754 627 1802 quas
638 1740 694 1787 licet
706 1739 738 1787 ab
749 1739 891 1787 homiuibus
902 1753 962 1787 con·

81 1810 164 1865 ceptas
175 1803 315 1850 etiamnunc
331 1819 474 1851 conservare
485 1803 565 1851 visum
577 1811 620 1862 est,
635 1810 687 1851 tum
699 1803 730 1851 ad
743 1802 858 1851 Officium
875 1803 962 1852 Eccle-

81 1867 205 1914 siasticum
215 1867 329 1915 decenter
340 1867 503 1916 ordinandum
515 1869 599 1930 (quem
610 1868 635 1915 in
645 1866 719 1915 finem
730 1867 842 1930 primitus
853 1875 909 1915 sunt
920 1883 962 1916 ex·

81 1931 203 1993 cogitatae)
221 1938 274 1979 tum
290 1931 348 1994 quia
370 1932 402 1979 ad
419 1931 607 1980 aedificationem
628 1931 758 1994 pertinent,
777 1931 807 1978 ad
832 1946 914 1994 quam,
934 1938 962 1981 ut

82 1995 154 2043 docet
166 1995 312 2059 Apostolus,
326 1996 410 2044 omnia
421 2011 476 2058 quae
487 1996 513 2043 in
525 1995 635 2044 Ecclesia
647 1995 708 2043 fiunt
719 2001 775 2043 sunt
786 1994 920 2044 referenda.

114 2059 146 2106 Et
157 2074 306 2133 quamquam
318 2059 491 2108 Caerimoniam
503 2060 636 2123 quamdam
644 2059 683 2107 vel
694 2075 790 2108 servare
800 2058 839 2107 vel
848 2060 963 2109 omittere

81 2138 119 2170 res
136 2123 167 2170 sit
183 2139 252 2187 parvi
268 2138 311 2186 per
327 2139 354 2171 se
370 2125 505 2184 momenti3
522 2124 634 2172 ordinem
650 2130 732 2172 tamen
757 2139 913 2172 communem
937 2132 963 2173 et

80 2187 235 2249 disciplinam
246 2187 358 2235 consulto
369 2187 492 2250 negligere
503 2203 531 2236 ac
542 2195 697 2236 contemnere
707 2203 757 2236 non
766 2188 819 2235 leve
830 2195 866 2235 est
878 2203 961 2236 coram

81 2251 137 2298 Deo
149 2258 283 2314 peccatum.
323 2255 340 2276 “
351 2251 442 2299 Omnia
453 2251 520 2315 apud
535 2250 606 2310 vos,”
618 2252 697 2315 inquit
715 2252 742 2300 B.
758 2251 856 2311 Paulus,
874 2252 961 2301 “hon-

81 2323 132 2362 este
142 2321 166 2362 et
178 2315 311 2363 secundum
323 2316 434 2363 ordinem
450 2314 536 2364 hant.'’
570 2316 652 2378 Quem
663 2316 762 2379 quidem
773 2315 886 2364 ordinem
902 2331 961 2364 con·

81 2379 180 2426 stituere
190 2394 240 2427 non
252 2379 341 2442 privati
352 2379 495 2443 cujusquam
512 2386 548 2428 est
558 2398 565 2439 ;
582 2380 705 2428 neminem
717 2396 775 2442 ergo
790 2379 862 2427 decet
873 2379 900 2427 id
911 2381 959 2429 sibi

80 2458 182 2502 sumere,
196 2450 223 2491 ut
239 2444 374 2507 quidquam
391 2445 416 2492 in
433 2445 533 2508 publico
550 2451 574 2493 et
591 2444 715 2492 communi
733 2443 850 2492 Ecclesiae
867 2443 960 2493 Christi

80 2507 165 2555 ordine
181 2506 222 2555 vel
237 2507 354 2566 instituat,
373 2509 413 2556 vel
430 2509 550 2566 immutet,
568 2509 616 2556 nisi
632 2508 664 2555 ad
681 2508 729 2555 hoc
745 2507 880 2570 legitimam
892 2524 961 2558 accc·

81 2572 142 2634 perit
154 2578 308 2634 potestatem.

112 2635 177 2683 Cum
188 2643 278 2692 autem,
292 2635 359 2684 hisce
369 2639 457 2685 nostrIs
469 2635 627 2699 temporibus,
642 2636 676 2683 ita
687 2635 712 2683 in
724 2636 820 2683 diversa
831 2635 960 2685 trahantur

79 2699 207 2746 hominum
219 2707 320 2757 menteS,
334 2708 361 2748 ut
372 2701 417 2760 his,
431 2702 543 2764 antiquas
555 2700 741 2749 consuetudines
753 2699 825 2747 nimis
836 2699 960 2762 diligenti·

79 2764 132 2821 bus,
146 2762 232 2825 religio
248 2764 278 2812 sit
290 2763 329 2812 vel
345 2765 472 2813 minimam
483 2765 583 2828 quidem
600 2764 773 2813 Caerimoniam
790 2764 914 2812 levissima
930 2782 960 2814 ex

80 2834 149 2891 parte
166 2827 328 2888 imminuere3
345 2829 380 2877 illi
396 2845 454 2878 vero
466 2829 535 2877 novis
552 2829 624 2877 rebus
635 2829 670 2876 ita
685 2829 807 2886 studeant,
829 2834 856 2875 ut
875 2831 960 2877 omnia

79 2892 155 2939 velint
172 2892 296 2950 innovare,
316 2900 340 2941 et
357 2894 456 2957 antiqua
473 2894 507 2941 ita
523 2893 665 2955 despiciant,
681 2900 707 2940 ut
723 2891 785 2940 nihil
801 2891 836 2939 eis
853 2893 959 2942 arrideat

79 2956 125 3003 nisi
136 2972 218 3014 nova3
234 2958 304 3006 nobis
316 2959 396 3006 miuus
407 2973 471 3006 curae
481 2957 526 3004 suit
537 2957 576 3005 vel
587 2957 625 3005 his
636 2955 675 3004 vel
687 2956 735 3004 illis
746 2956 842 3019 placere
853 2963 877 3004 et
889 2958 958 3006 satis-

80 3019 164 3080 facere,
179 3036 252 3084 quam
269 3030 293 3070 et
313 3023 427 3070 omnibus
438 3021 561 3084 prodesse,
580 3027 604 3069 et
621 3021 718 3084 placere
738 3021 800 3068 Deo.
837 3021 958 3070 Attamen

80 3100 109 3132 ne
121 3084 174 3148 quis
186 3086 329 3146 offendatur,
344 3087 383 3135 cui
394 3087 466 3134 bonae
482 3086 589 3134 rationes
601 3084 738 3134 satisfacere
754 3083 856 3148 possint,
870 3099 957 3136 causas

140 3165 199 3197 mu
