<?xml version="1.0" encoding="UTF-8"?>
<!DOCTYPE html PUBLIC "-//W3C//DTD XHTML 1.0 Transitional//EN"
    "http://www.w3.org/TR/xhtml1/DTD/xhtml1-transitional.dtd">
<html xmlns="http://www.w3.org/1999/xhtml" xml:lang="en" lang="en">
 <head>
  <title>
</title>
<meta http-equiv="Content-Type" content="text/html;charset=utf-8" />
  <meta name='ocr-system' content='tesseract 3.04.00' />
  <meta name='ocr-capabilities' content='ocr_page ocr_carea ocr_par ocr_line ocrx_word'/>
</head>
<body>
  <div class='ocr_page' id='page_1' title='image "./liberprecumpubl00briggoog_0292.png"; bbox 0 0 2092 3450; ppageno 0'>
   <div class='ocr_carea' id='block_1_1' title="bbox 62 157 939 231">
    <p class='ocr_par' dir='ltr' id='par_1_1' title="bbox 62 157 939 231">
     <span class='ocr_line' id='line_1_1' title="bbox 62 157 939 231; baseline -0.027 -8"><span class='ocrx_word' id='word_1_1' title='bbox 62 178 122 223; x_wconf 72' lang='lat' dir='ltr'>Dies</span> <span class='ocrx_word' id='word_1_2' title='bbox 139 176 181 221; x_wconf 84' lang='lat' dir='ltr'>Vl.</span> <span class='ocrx_word' id='word_1_3' title='bbox 447 163 557 231; x_wconf 57' lang='lat' dir='ltr'>{tinini</span> <span class='ocrx_word' id='word_1_4' title='bbox 816 157 861 204; x_wconf 79' lang='lat' dir='ltr'>Ad</span> <span class='ocrx_word' id='word_1_5' title='bbox 876 157 939 215; x_wconf 59' lang='lat' dir='ltr'>inf.</span> 
     </span>
    </p>
   </div>
   <div class='ocr_carea' id='block_1_2' title="bbox 60 313 962 3140">
    <p class='ocr_par' dir='ltr' id='par_1_2' title="bbox 60 313 946 559">
     <span class='ocr_line' id='line_1_2' title="bbox 94 313 946 382; baseline -0.002 -15"><span class='ocrx_word' id='word_1_6' title='bbox 94 317 150 382; x_wconf 72' lang='lat' dir='ltr'>Pgo</span> <span class='ocrx_word' id='word_1_7' title='bbox 170 323 254 367; x_wconf 76' lang='lat' dir='ltr'>sutem</span> <span class='ocrx_word' id='word_1_8' title='bbox 279 316 353 366; x_wconf 85' lang='lat' dir='ltr'>inte</span> <span class='ocrx_word' id='word_1_9' title='bbox 379 316 484 382; x_wconf 72' lang='lat' dir='ltr'>speravi,</span> <span class='ocrx_word' id='word_1_10' title='bbox 551 313 663 364; x_wconf 88' lang='lat' dir='ltr'>Viriliter</span> <span class='ocrx_word' id='word_1_11' title='bbox 672 315 745 379; x_wconf 76' lang='lat' dir='ltr'>agite,</span> <span class='ocrx_word' id='word_1_12' title='bbox 759 322 784 365; x_wconf 91' lang='lat' dir='ltr'>et</span> <span class='ocrx_word' id='word_1_13' title='bbox 798 315 946 365; x_wconf 80' lang='lat' dir='ltr'>confortetur</span> 
     </span>
     <span class='ocr_line' id='line_1_3' title="bbox 61 380 945 445; baseline -0.002 -14"><span class='ocrx_word' id='word_1_14' title='bbox 61 381 189 443; x_wconf 83' lang='lat' dir='ltr'>Domine;</span> <span class='ocrx_word' id='word_1_15' title='bbox 208 380 268 440; x_wconf 83' lang='lat' dir='ltr'><strong>dixi,</strong></span> <span class='ocrx_word' id='word_1_16' title='bbox 286 381 356 431; x_wconf 91' lang='lat' dir='ltr'>Deus</span> <span class='ocrx_word' id='word_1_17' title='bbox 372 396 442 429; x_wconf 90' lang='lat' dir='ltr'>meus</span> <span class='ocrx_word' id='word_1_18' title='bbox 461 395 487 429; x_wconf 80' lang='lat' dir='ltr'>es</span> <span class='ocrx_word' id='word_1_19' title='bbox 519 395 562 429; x_wconf 89' lang='lat' dir='ltr'>cor</span> <span class='ocrx_word' id='word_1_20' title='bbox 577 387 685 428; x_wconf 84' lang='lat' dir='ltr'>vestrum</span> <span class='ocrx_word' id='word_1_21' title='bbox 704 381 872 445; x_wconf 84' lang='lat' dir='ltr'>:omnesqui</span> <span class='ocrx_word' id='word_1_22' title='bbox 891 396 945 445; x_wconf 89' lang='lat' dir='ltr'>spe·</span> 
     </span>
     <span class='ocr_line' id='line_1_4' title="bbox 60 442 743 495; baseline -0.003 0"><span class='ocrx_word' id='word_1_23' title='bbox 60 457 88 494; x_wconf 91' lang='lat' dir='ltr'>tu</span> <span class='ocrx_word' id='word_1_24' title='bbox 113 463 120 495; x_wconf 88' lang='lat'><em>=</em></span> <span class='ocrx_word' id='word_1_25' title='bbox 141 445 169 495; x_wconf 88' lang='lat' dir='ltr'>in</span> <span class='ocrx_word' id='word_1_26' title='bbox 194 445 308 494; x_wconf 77' lang='lat' dir='ltr'>munibus</span> <span class='ocrx_word' id='word_1_27' title='bbox 335 445 384 494; x_wconf 91' lang='lat' dir='ltr'>tuis</span> <span class='ocrx_word' id='word_1_28' title='bbox 410 451 487 494; x_wconf 86' lang='lat' dir='ltr'>sortes</span> <span class='ocrx_word' id='word_1_29' title='bbox 518 442 743 493; x_wconf 81' lang='lat' dir='ltr'>ratisiuDomino.</span> 
     </span>
     <span class='ocr_line' id='line_1_5' title="bbox 60 524 130 559; baseline 0.014 -1"><span class='ocrx_word' id='word_1_30' title='bbox 60 524 130 559; x_wconf 78' lang='lat' dir='ltr'>mete.</span> 
     </span>
    </p>

    <p class='ocr_par' dir='ltr' id='par_1_3' title="bbox 61 571 904 767">
     <span class='ocr_line' id='line_1_6' title="bbox 94 571 487 638; baseline -0.008 -15"><span class='ocrx_word' id='word_1_31' title='bbox 94 573 171 638; x_wconf 83' lang='lat' dir='ltr'>Eripe</span> <span class='ocrx_word' id='word_1_32' title='bbox 191 588 233 623; x_wconf 88' lang='lat' dir='ltr'>me</span> <span class='ocrx_word' id='word_1_33' title='bbox 253 572 286 623; x_wconf 88' lang='lat' dir='ltr'>de</span> <span class='ocrx_word' id='word_1_34' title='bbox 307 587 382 621; x_wconf 86' lang='lat' dir='ltr'>manu</span> <span class='ocrx_word' id='word_1_35' title='bbox 407 571 487 621; x_wconf 89' lang='lat' dir='ltr'>inimi·</span> 
     </span>
     <span class='ocr_line' id='line_1_7' title="bbox 61 643 904 713; baseline -0.007 -11"><span class='ocrx_word' id='word_1_36' title='bbox 61 653 147 713; x_wconf 73' lang='lat' dir='ltr'>corum</span> <span class='ocrx_word' id='word_1_37' title='bbox 169 644 349 686; x_wconf 56' lang='lat' dir='ltr'>memmei</span> <span class='ocrx_word' id='word_1_38' title='bbox 370 652 386 687; x_wconf 71' lang='lat'><em>²</em></span> <span class='ocrx_word' id='word_1_39' title='bbox 407 651 488 701; x_wconf 88' lang='lat' dir='ltr'>perse·</span> <span class='ocrx_word' id='word_1_40' title='bbox 553 651 680 699; x_wconf 74' lang='lat' dir='ltr'>lunsvi</span> <span class='ocrx_word' id='word_1_41' title='bbox 717 643 904 709; x_wconf 59' lang='lat' dir='ltr'>unibertum.</span> 
     </span>
     <span class='ocr_line' id='line_1_8' title="bbox 61 701 251 767; baseline -0.005 -16"><span class='ocrx_word' id='word_1_42' title='bbox 61 701 194 767; x_wconf 86' lang='lat' dir='ltr'>quentrbus</span> <span class='ocrx_word' id='word_1_43' title='bbox 204 717 251 751; x_wconf 82' lang='lat' dir='ltr'>me</span> 
     </span>
    </p>

    <p class='ocr_par' dir='ltr' id='par_1_4' title="bbox 60 765 946 1094">
     <span class='ocr_line' id='line_1_9' title="bbox 94 765 861 831; baseline 0.001 -2"><span class='ocrx_word' id='word_1_44' title='bbox 94 765 195 815; x_wconf 61' lang='lat' dir='ltr'>mustra</span> <span class='ocrx_word' id='word_1_45' title='bbox 215 765 302 815; x_wconf 60' lang='lat' dir='ltr'>faeiem</span> <span class='ocrx_word' id='word_1_46' title='bbox 326 771 395 815; x_wconf 66' lang='lat' dir='ltr'><strong>tuam</strong></span> <span class='ocrx_word' id='word_1_47' title='bbox 416 780 490 828; x_wconf 69' lang='grc' dir='ltr'>8111)ΕΓ</span> <span class='ocrx_word' id='word_1_48' title='bbox 603 781 732 831; x_wconf 77' lang='lat' dir='ltr'>PsnLrnus</span> <span class='ocrx_word' id='word_1_49' title='bbox 749 782 861 831; x_wconf 88' lang='lat' dir='ltr'>XXXII.</span> 
     </span>
     <span class='ocr_line' id='line_1_10' title="bbox 60 828 489 889; baseline -0.009 -9"><span class='ocrx_word' id='word_1_50' title='bbox 60 845 159 880; x_wconf 85' lang='lat' dir='ltr'>servum</span> <span class='ocrx_word' id='word_1_51' title='bbox 178 838 255 889; x_wconf 87' lang='lat' dir='ltr'>tuum,</span> <span class='ocrx_word' id='word_1_52' title='bbox 274 829 368 878; x_wconf 85' lang='lat' dir='ltr'>salvum</span> <span class='ocrx_word' id='word_1_53' title='bbox 391 845 432 878; x_wconf 92' lang='lat' dir='ltr'>me</span> <span class='ocrx_word' id='word_1_54' title='bbox 450 828 489 877; x_wconf 87' lang='lat' dir='ltr'>fac</span> 
     </span>
     <span class='ocr_line' id='line_1_11' title="bbox 61 890 946 954; baseline -0.003 -11"><span class='ocrx_word' id='word_1_55' title='bbox 61 895 88 942; x_wconf 91' lang='lat' dir='ltr'>in</span> <span class='ocrx_word' id='word_1_56' title='bbox 105 894 274 943; x_wconf 84' lang='lat' dir='ltr'>misericordia</span> <span class='ocrx_word' id='word_1_57' title='bbox 289 903 339 952; x_wconf 81' lang='lat' dir='ltr'>tua,</span> <span class='ocrx_word' id='word_1_58' title='bbox 358 894 488 942; x_wconf 88' lang='lat' dir='ltr'>Domine:</span> <span class='ocrx_word' id='word_1_59' title='bbox 579 890 666 939; x_wconf 91' lang='grc' dir='ltr'>ΕΑΤΙ</span> <span class='ocrx_word' id='word_1_60' title='bbox 699 905 804 954; x_wconf 91' lang='lat' dir='ltr'>quorum</span> <span class='ocrx_word' id='word_1_61' title='bbox 839 893 946 940; x_wconf 82' lang='lat' dir='ltr'>remissae</span> 
     </span>
     <span class='ocr_line' id='line_1_12' title="bbox 62 955 945 1022; baseline -0.003 -15"><span class='ocrx_word' id='word_1_62' title='bbox 62 974 113 1008; x_wconf 88' lang='lat' dir='ltr'>non</span> <span class='ocrx_word' id='word_1_63' title='bbox 129 958 273 1018; x_wconf 76' lang='lat' dir='ltr'>confundar,</span> <span class='ocrx_word' id='word_1_64' title='bbox 286 958 404 1022; x_wconf 88' lang='lat' dir='ltr'>quoniam</span> <span class='ocrx_word' id='word_1_65' title='bbox 420 958 488 1006; x_wconf 91' lang='lat' dir='ltr'>invo·</span> <span class='ocrx_word' id='word_1_66' title='bbox 606 961 662 1003; x_wconf 91' lang='lat' dir='ltr'>sunt</span> <span class='ocrx_word' id='word_1_67' title='bbox 676 955 817 1019; x_wconf 81' lang='lat' dir='ltr'>iniquitates</span> <span class='ocrx_word' id='word_1_68' title='bbox 832 973 837 1004; x_wconf 88' lang='lat'>:</span> <span class='ocrx_word' id='word_1_69' title='bbox 849 965 874 1004; x_wconf 90' lang='lat' dir='ltr'>et</span> <span class='ocrx_word' id='word_1_70' title='bbox 886 972 945 1019; x_wconf 90' lang='lat' dir='ltr'>quo·</span> 
     </span>
     <span class='ocr_line' id='line_1_13' title="bbox 62 1023 837 1094; baseline -0.006 -22"><span class='ocrx_word' id='word_1_71' title='bbox 62 1023 117 1072; x_wconf 82' lang='lat' dir='ltr'>cavi</span> <span class='ocrx_word' id='word_1_72' title='bbox 128 1030 160 1071; x_wconf 77' lang='lat' dir='ltr'>te</span> <span class='ocrx_word' id='word_1_73' title='bbox 520 1034 574 1068; x_wconf 90' lang='lat' dir='ltr'>rum</span> <span class='ocrx_word' id='word_1_74' title='bbox 585 1024 651 1068; x_wconf 83' lang='lat' dir='ltr'>tecta</span> <span class='ocrx_word' id='word_1_75' title='bbox 661 1026 718 1067; x_wconf 89' lang='lat' dir='ltr'>sunt</span> <span class='ocrx_word' id='word_1_76' title='bbox 729 1026 837 1094; x_wconf 70' lang='lat' dir='ltr'>peccata.</span> 
     </span>
    </p>

    <p class='ocr_par' dir='ltr' id='par_1_5' title="bbox 61 1083 945 1275">
     <span class='ocr_line' id='line_1_14' title="bbox 95 1083 945 1150; baseline -0.006 -14"><span class='ocrx_word' id='word_1_77' title='bbox 95 1087 248 1136; x_wconf 80' lang='lat' dir='ltr'>Erubescnnt</span> <span class='ocrx_word' id='word_1_78' title='bbox 267 1085 346 1150; x_wconf 88' lang='lat' dir='ltr'>impii,</span> <span class='ocrx_word' id='word_1_79' title='bbox 369 1092 393 1134; x_wconf 89' lang='lat' dir='ltr'>et</span> <span class='ocrx_word' id='word_1_80' title='bbox 413 1085 488 1134; x_wconf 90' lang='lat' dir='ltr'>dedu·</span> <span class='ocrx_word' id='word_1_81' title='bbox 553 1083 643 1132; x_wconf 87' lang='lat' dir='ltr'>Beatus</span> <span class='ocrx_word' id='word_1_82' title='bbox 654 1083 691 1131; x_wconf 84' lang='lat' dir='ltr'>vir</span> <span class='ocrx_word' id='word_1_83' title='bbox 702 1098 741 1132; x_wconf 83' lang='lat' dir='ltr'>cut</span> <span class='ocrx_word' id='word_1_84' title='bbox 753 1099 804 1131; x_wconf 91' lang='lat' dir='ltr'>non</span> <span class='ocrx_word' id='word_1_85' title='bbox 816 1083 945 1147; x_wconf 87' lang='lat' dir='ltr'>imputavit</span> 
     </span>
     <span class='ocr_line' id='line_1_15' title="bbox 62 1147 945 1211; baseline -0.006 -11"><span class='ocrx_word' id='word_1_86' title='bbox 62 1158 150 1200; x_wconf 80' lang='lat' dir='ltr'>cantur</span> <span class='ocrx_word' id='word_1_87' title='bbox 160 1151 186 1199; x_wconf 91' lang='lat' dir='ltr'>in</span> <span class='ocrx_word' id='word_1_88' title='bbox 196 1150 317 1200; x_wconf 81' lang='lat' dir='ltr'>infernum</span> <span class='ocrx_word' id='word_1_89' title='bbox 332 1167 338 1198; x_wconf 90' lang='lat'><strong>:</strong></span> <span class='ocrx_word' id='word_1_90' title='bbox 350 1158 419 1199; x_wconf 85' lang='lat' dir='ltr'>muta</span> <span class='ocrx_word' id='word_1_91' title='bbox 430 1149 490 1198; x_wconf 84' lang='lat' dir='ltr'>fiant</span> <span class='ocrx_word' id='word_1_92' title='bbox 520 1147 644 1196; x_wconf 86' lang='lat' dir='ltr'>Dominus</span> <span class='ocrx_word' id='word_1_93' title='bbox 655 1155 784 1211; x_wconf 86' lang='lat' dir='ltr'>peccatum</span> <span class='ocrx_word' id='word_1_94' title='bbox 798 1163 861 1197; x_wconf 86' lang='lat' dir='ltr'>:nec</span> <span class='ocrx_word' id='word_1_95' title='bbox 873 1159 909 1197; x_wconf 88' lang='lat' dir='ltr'>est</span> <span class='ocrx_word' id='word_1_96' title='bbox 920 1150 945 1196; x_wconf 87' lang='lat' dir='ltr'>in</span> 
     </span>
     <span class='ocr_line' id='line_1_16' title="bbox 61 1211 759 1275; baseline -0.006 -11"><span class='ocrx_word' id='word_1_97' title='bbox 61 1215 130 1264; x_wconf 79' lang='lat' dir='ltr'>labio</span> <span class='ocrx_word' id='word_1_98' title='bbox 139 1214 233 1264; x_wconf 86' lang='lat' dir='ltr'>dolosa.</span> <span class='ocrx_word' id='word_1_99' title='bbox 520 1212 607 1275; x_wconf 87' lang='lat' dir='ltr'>spiritu</span> <span class='ocrx_word' id='word_1_100' title='bbox 617 1211 669 1274; x_wconf 90' lang='lat' dir='ltr'>ejus</span> <span class='ocrx_word' id='word_1_101' title='bbox 680 1212 759 1260; x_wconf 88' lang='lat' dir='ltr'>dolus.</span> 
     </span>
    </p>

    <p class='ocr_par' dir='ltr' id='par_1_6' title="bbox 61 1275 945 1457">
     <span class='ocr_line' id='line_1_17' title="bbox 96 1275 945 1355; baseline -0.005 -27"><span class='ocrx_word' id='word_1_102' title='bbox 96 1278 160 1342; x_wconf 86' lang='lat' dir='ltr'>Quae</span> <span class='ocrx_word' id='word_1_103' title='bbox 171 1279 305 1355; x_wconf 78' lang='lat' dir='ltr'>loquuntur</span> <span class='ocrx_word' id='word_1_104' title='bbox 315 1278 430 1327; x_wconf 79' lang='lat' dir='ltr'>adversus</span> <span class='ocrx_word' id='word_1_105' title='bbox 438 1277 490 1340; x_wconf 87' lang='lat' dir='ltr'>jus·</span> <span class='ocrx_word' id='word_1_106' title='bbox 553 1276 678 1338; x_wconf 88' lang='lat' dir='ltr'>Quoniam</span> <span class='ocrx_word' id='word_1_107' title='bbox 705 1275 778 1336; x_wconf 84' lang='lat' dir='ltr'>tacui,</span> <span class='ocrx_word' id='word_1_108' title='bbox 797 1275 945 1325; x_wconf 87' lang='lat' dir='ltr'>inveterave-</span> 
     </span>
     <span class='ocr_line' id='line_1_18' title="bbox 61 1339 945 1407; baseline -0.003 -15"><span class='ocrx_word' id='word_1_109' title='bbox 61 1351 117 1392; x_wconf 87' lang='lat' dir='ltr'>tum</span> <span class='ocrx_word' id='word_1_110' title='bbox 135 1343 290 1407; x_wconf 81' lang='lat' dir='ltr'>iniquitatem</span> <span class='ocrx_word' id='word_1_111' title='bbox 305 1344 349 1392; x_wconf 79' lang='lat' dir='ltr'>:in</span> <span class='ocrx_word' id='word_1_112' title='bbox 365 1343 487 1406; x_wconf 80' lang='lat' dir='ltr'>superbia,</span> <span class='ocrx_word' id='word_1_113' title='bbox 520 1348 576 1388; x_wconf 87' lang='lat' dir='ltr'>runt</span> <span class='ocrx_word' id='word_1_114' title='bbox 588 1355 644 1388; x_wconf 83' lang='lat' dir='ltr'>ossa</span> <span class='ocrx_word' id='word_1_115' title='bbox 654 1355 710 1388; x_wconf 81' lang='lat' dir='ltr'>mea</span> <span class='ocrx_word' id='word_1_116' title='bbox 724 1340 801 1389; x_wconf 90' lang='lat' dir='ltr'>:dum</span> <span class='ocrx_word' id='word_1_117' title='bbox 814 1339 945 1389; x_wconf 86' lang='lat' dir='ltr'>clamarem</span> 
     </span>
     <span class='ocr_line' id='line_1_19' title="bbox 63 1405 630 1457; baseline -0.004 -1"><span class='ocrx_word' id='word_1_118' title='bbox 63 1407 262 1457; x_wconf 78' lang='lat' dir='ltr'>etinubusione</span> <span class='ocrx_word' id='word_1_119' title='bbox 520 1412 574 1453; x_wconf 84' lang='lat' dir='ltr'>tota</span> <span class='ocrx_word' id='word_1_120' title='bbox 583 1405 630 1454; x_wconf 91' lang='lat' dir='ltr'>die.</span> 
     </span>
    </p>

    <p class='ocr_par' dir='ltr' id='par_1_7' title="bbox 62 1469 946 1656">
     <span class='ocr_line' id='line_1_20' title="bbox 96 1469 946 1535; baseline -0.004 -15"><span class='ocrx_word' id='word_1_121' title='bbox 96 1471 180 1534; x_wconf 88' lang='lat' dir='ltr'>Quam</span> <span class='ocrx_word' id='word_1_122' title='bbox 190 1486 281 1535; x_wconf 77' lang='lat' dir='ltr'>magna</span> <span class='ocrx_word' id='word_1_123' title='bbox 293 1471 425 1520; x_wconf 87' lang='lat' dir='ltr'>multitudo</span> <span class='ocrx_word' id='word_1_124' title='bbox 436 1470 490 1519; x_wconf 90' lang='lat' dir='ltr'>dul·</span> <span class='ocrx_word' id='word_1_125' title='bbox 554 1469 678 1530; x_wconf 88' lang='lat' dir='ltr'>Quoniam</span> <span class='ocrx_word' id='word_1_126' title='bbox 699 1469 741 1517; x_wconf 93' lang='lat' dir='ltr'>die</span> <span class='ocrx_word' id='word_1_127' title='bbox 757 1483 787 1517; x_wconf 82' lang='lat' dir='ltr'>ao</span> <span class='ocrx_word' id='word_1_128' title='bbox 803 1477 876 1518; x_wconf 85' lang='lat' dir='ltr'>nocte</span> <span class='ocrx_word' id='word_1_129' title='bbox 892 1486 946 1532; x_wconf 83' lang='lat' dir='ltr'>gm-</span> 
     </span>
     <span class='ocr_line' id='line_1_21' title="bbox 63 1536 946 1599; baseline -0.005 -15"><span class='ocrx_word' id='word_1_130' title='bbox 63 1536 158 1584; x_wconf 90' lang='lat' dir='ltr'>cedinis</span> <span class='ocrx_word' id='word_1_131' title='bbox 179 1543 236 1595; x_wconf 79' lang='lat' dir='ltr'>tuse,</span> <span class='ocrx_word' id='word_1_132' title='bbox 259 1536 367 1584; x_wconf 91' lang='lat' dir='ltr'>Domine</span> <span class='ocrx_word' id='word_1_133' title='bbox 387 1553 393 1583; x_wconf 75' lang='lat' dir='ltr'><em>z</em></span> <span class='ocrx_word' id='word_1_134' title='bbox 415 1550 490 1599; x_wconf 82' lang='lat' dir='ltr'>quam</span> <span class='ocrx_word' id='word_1_135' title='bbox 520 1540 578 1582; x_wconf 84' lang='lat' dir='ltr'>vata</span> <span class='ocrx_word' id='word_1_136' title='bbox 589 1541 625 1582; x_wconf 90' lang='lat' dir='ltr'>est</span> <span class='ocrx_word' id='word_1_137' title='bbox 640 1548 713 1597; x_wconf 89' lang='lat' dir='ltr'>super</span> <span class='ocrx_word' id='word_1_138' title='bbox 723 1548 764 1581; x_wconf 95' lang='lat' dir='ltr'>me</span> <span class='ocrx_word' id='word_1_139' title='bbox 779 1548 866 1582; x_wconf 87' lang='lat' dir='ltr'>manus</span> <span class='ocrx_word' id='word_1_140' title='bbox 883 1542 946 1582; x_wconf 84' lang='lat' dir='ltr'>tua:</span> 
     </span>
     <span class='ocr_line' id='line_1_22' title="bbox 62 1597 944 1656; baseline -0.003 -8"><span class='ocrx_word' id='word_1_141' title='bbox 62 1599 214 1648; x_wconf 82' lang='lat' dir='ltr'>abscondisti</span> <span class='ocrx_word' id='word_1_142' title='bbox 225 1599 367 1648; x_wconf 90' lang='lat' dir='ltr'>timentibus</span> <span class='ocrx_word' id='word_1_143' title='bbox 378 1607 409 1648; x_wconf 91' lang='lat' dir='ltr'>te.</span> <span class='ocrx_word' id='word_1_144' title='bbox 521 1612 651 1646; x_wconf 89' lang='lat' dir='ltr'>conversus</span> <span class='ocrx_word' id='word_1_145' title='bbox 662 1612 716 1645; x_wconf 91' lang='lat' dir='ltr'>sum</span> <span class='ocrx_word' id='word_1_146' title='bbox 727 1597 753 1645; x_wconf 91' lang='lat' dir='ltr'>in</span> <span class='ocrx_word' id='word_1_147' title='bbox 761 1613 871 1646; x_wconf 75' lang='lat' dir='ltr'>aerumna</span> <span class='ocrx_word' id='word_1_148' title='bbox 881 1614 944 1656; x_wconf 85' lang='lat' dir='ltr'>mea,</span> 
     </span>
    </p>

    <p class='ocr_par' dir='ltr' id='par_1_8' title="bbox 62 1661 947 1853">
     <span class='ocr_line' id='line_1_23' title="bbox 96 1661 810 1728; baseline -0.003 -16"><span class='ocrx_word' id='word_1_149' title='bbox 96 1663 224 1713; x_wconf 90' lang='lat' dir='ltr'>Persecisti</span> <span class='ocrx_word' id='word_1_150' title='bbox 240 1663 275 1712; x_wconf 91' lang='lat' dir='ltr'>eis</span> <span class='ocrx_word' id='word_1_151' title='bbox 308 1664 334 1712; x_wconf 92' lang='lat' dir='ltr'>ui</span> <span class='ocrx_word' id='word_1_152' title='bbox 350 1670 448 1728; x_wconf 81' lang='lat' dir='ltr'>sperant</span> <span class='ocrx_word' id='word_1_153' title='bbox 464 1661 491 1712; x_wconf 89' lang='lat' dir='ltr'>in</span> <span class='ocrx_word' id='word_1_154' title='bbox 521 1662 581 1709; x_wconf 92' lang='lat' dir='ltr'>dum</span> <span class='ocrx_word' id='word_1_155' title='bbox 592 1661 722 1724; x_wconf 86' lang='lat' dir='ltr'>configitur</span> <span class='ocrx_word' id='word_1_156' title='bbox 732 1662 810 1725; x_wconf 82' lang='lat' dir='ltr'>spina.</span> 
     </span>
     <span class='ocr_line' id='line_1_24' title="bbox 62 1679 947 1793; baseline -0.002 -17"><span class='ocrx_word' id='word_1_157' title='bbox 62 1679 491 1793; x_wconf 70' lang='lat' dir='ltr'>terinconspectuirliorumhomi·</span> <span class='ocrx_word' id='word_1_158' title='bbox 554 1725 679 1774; x_wconf 88' lang='lat' dir='ltr'>Delictum</span> <span class='ocrx_word' id='word_1_159' title='bbox 706 1741 789 1774; x_wconf 91' lang='lat' dir='ltr'>meum</span> <span class='ocrx_word' id='word_1_160' title='bbox 821 1724 947 1789; x_wconf 64' lang='lat' dir='ltr'>cognitum</span> 
     </span>
     <span class='ocr_line' id='line_1_25' title="bbox 63 1789 947 1853; baseline -0.002 -13"><span class='ocrx_word' id='word_1_161' title='bbox 63 1807 131 1841; x_wconf 92' lang='lat' dir='ltr'>num.</span> <span class='ocrx_word' id='word_1_162' title='bbox 523 1789 567 1838; x_wconf 92' lang='lat' dir='ltr'>tibi</span> <span class='ocrx_word' id='word_1_163' title='bbox 584 1790 630 1838; x_wconf 83' lang='lat' dir='ltr'>feci</span> <span class='ocrx_word' id='word_1_164' title='bbox 645 1807 650 1837; x_wconf 94' lang='lat'><strong>:</strong></span> <span class='ocrx_word' id='word_1_165' title='bbox 667 1795 691 1839; x_wconf 86' lang='lat' dir='ltr'>et</span> <span class='ocrx_word' id='word_1_166' title='bbox 707 1789 851 1853; x_wconf 86' lang='lat' dir='ltr'>injustitiam</span> <span class='ocrx_word' id='word_1_167' title='bbox 866 1806 947 1839; x_wconf 86' lang='lat' dir='ltr'>meam</span> 
     </span>
    </p>

    <p class='ocr_par' dir='ltr' id='par_1_9' title="bbox 63 1853 947 2044">
     <span class='ocr_line' id='line_1_26' title="bbox 96 1853 708 1905; baseline -0.005 -1"><span class='ocrx_word' id='word_1_168' title='bbox 96 1855 244 1905; x_wconf 84' lang='lat' dir='ltr'>Abscondes</span> <span class='ocrx_word' id='word_1_169' title='bbox 256 1872 299 1905; x_wconf 88' lang='lat' dir='ltr'>eos</span> <span class='ocrx_word' id='word_1_170' title='bbox 310 1855 335 1904; x_wconf 93' lang='lat' dir='ltr'>in</span> <span class='ocrx_word' id='word_1_171' title='bbox 347 1855 492 1905; x_wconf 81' lang='lat' dir='ltr'>abscondito</span> <span class='ocrx_word' id='word_1_172' title='bbox 522 1869 572 1902; x_wconf 90' lang='lat' dir='ltr'>non</span> <span class='ocrx_word' id='word_1_173' title='bbox 584 1853 708 1902; x_wconf 83' lang='lat' dir='ltr'>abscondi.</span> 
     </span>
     <span class='ocr_line' id='line_1_27' title="bbox 63 1917 947 1977; baseline -0.002 -9"><span class='ocrx_word' id='word_1_174' title='bbox 63 1920 492 1970; x_wconf 70' lang='lat' dir='ltr'>sacieituaetaconturbntioneho·</span> <span class='ocrx_word' id='word_1_175' title='bbox 555 1918 623 1977; x_wconf 84' lang='lat' dir='ltr'>Dixi,</span> <span class='ocrx_word' id='word_1_176' title='bbox 649 1917 793 1967; x_wconf 89' lang='lat' dir='ltr'>Confitebor</span> <span class='ocrx_word' id='word_1_177' title='bbox 819 1919 947 1967; x_wconf 85' lang='lat' dir='ltr'>adversum</span> 
     </span>
     <span class='ocr_line' id='line_1_28' title="bbox 63 1982 947 2044; baseline -0.001 -11"><span class='ocrx_word' id='word_1_178' title='bbox 63 1987 168 2033; x_wconf 84' lang='lat' dir='ltr'>minum</span> <span class='ocrx_word' id='word_1_179' title='bbox 522 1998 562 2030; x_wconf 89' lang='lat' dir='ltr'>me</span> <span class='ocrx_word' id='word_1_180' title='bbox 573 1982 718 2044; x_wconf 85' lang='lat' dir='ltr'>injustitiam</span> <span class='ocrx_word' id='word_1_181' title='bbox 728 1998 810 2032; x_wconf 81' lang='lat' dir='ltr'>meam</span> <span class='ocrx_word' id='word_1_182' title='bbox 819 1983 947 2032; x_wconf 89' lang='lat' dir='ltr'>Domino:</span> 
     </span>
    </p>

    <p class='ocr_par' dir='ltr' id='par_1_10' title="bbox 64 2047 947 2227">
     <span class='ocr_line' id='line_1_29' title="bbox 97 2047 947 2112; baseline -0.001 -15"><span class='ocrx_word' id='word_1_183' title='bbox 97 2048 217 2112; x_wconf 84' lang='lat' dir='ltr'>Proteges</span> <span class='ocrx_word' id='word_1_184' title='bbox 233 2063 276 2098; x_wconf 87' lang='lat' dir='ltr'>eos</span> <span class='ocrx_word' id='word_1_185' title='bbox 291 2048 316 2096; x_wconf 92' lang='lat' dir='ltr'>in</span> <span class='ocrx_word' id='word_1_186' title='bbox 334 2048 491 2097; x_wconf 85' lang='lat' dir='ltr'>tabernaculo</span> <span class='ocrx_word' id='word_1_187' title='bbox 523 2055 548 2095; x_wconf 90' lang='lat' dir='ltr'>et</span> <span class='ocrx_word' id='word_1_188' title='bbox 559 2055 586 2094; x_wconf 89' lang='lat' dir='ltr'>tu</span> <span class='ocrx_word' id='word_1_189' title='bbox 596 2047 710 2095; x_wconf 88' lang='lat' dir='ltr'>remisisti</span> <span class='ocrx_word' id='word_1_190' title='bbox 725 2047 877 2111; x_wconf 81' lang='lat' dir='ltr'>impietatem</span> <span class='ocrx_word' id='word_1_191' title='bbox 891 2063 947 2111; x_wconf 90' lang='lat' dir='ltr'>pec·</span> 
     </span>
     <span class='ocr_line' id='line_1_30' title="bbox 64 2111 637 2176; baseline -0.007 -14"><span class='ocrx_word' id='word_1_192' title='bbox 64 2120 109 2162; x_wconf 90' lang='lat' dir='ltr'>tuo</span> <span class='ocrx_word' id='word_1_193' title='bbox 129 2129 136 2161; x_wconf 73' lang='grc' dir='ltr'><strong><em>ε</em></strong></span> <span class='ocrx_word' id='word_1_194' title='bbox 152 2127 168 2161; x_wconf 75' lang='lat' dir='ltr'>n</span> <span class='ocrx_word' id='word_1_195' title='bbox 184 2113 378 2162; x_wconf 81' lang='lat' dir='ltr'>contradictione</span> <span class='ocrx_word' id='word_1_196' title='bbox 397 2113 491 2176; x_wconf 84' lang='lat' dir='ltr'>lingua·</span> <span class='ocrx_word' id='word_1_197' title='bbox 522 2111 571 2159; x_wconf 85' lang='lat' dir='ltr'>eati</span> <span class='ocrx_word' id='word_1_198' title='bbox 581 2111 637 2159; x_wconf 91' lang='lat' dir='ltr'>mei.</span> 
     </span>
     <span class='ocr_line' id='line_1_31' title="bbox 64 2175 946 2227; baseline 0.005 -8"><span class='ocrx_word' id='word_1_199' title='bbox 64 2192 128 2227; x_wconf 81' lang='lat' dir='ltr'>rum,</span> <span class='ocrx_word' id='word_1_200' title='bbox 556 2176 605 2223; x_wconf 87' lang='lat' dir='ltr'>Pro</span> <span class='ocrx_word' id='word_1_201' title='bbox 627 2175 674 2224; x_wconf 88' lang='lat' dir='ltr'>hac</span> <span class='ocrx_word' id='word_1_202' title='bbox 697 2175 777 2224; x_wconf 88' lang='lat' dir='ltr'>orabit</span> <span class='ocrx_word' id='word_1_203' title='bbox 798 2175 829 2224; x_wconf 80' lang='lat' dir='ltr'>ud</span> <span class='ocrx_word' id='word_1_204' title='bbox 849 2184 874 2225; x_wconf 88' lang='lat' dir='ltr'>te</span> <span class='ocrx_word' id='word_1_205' title='bbox 895 2193 946 2224; x_wconf 91' lang='lat' dir='ltr'>om-</span> 
     </span>
    </p>

    <p class='ocr_par' dir='ltr' id='par_1_11' title="bbox 64 2239 949 2433">
     <span class='ocr_line' id='line_1_32' title="bbox 98 2239 947 2304; baseline -0.002 -14"><span class='ocrx_word' id='word_1_206' title='bbox 98 2240 248 2290; x_wconf 86' lang='lat' dir='ltr'>Benedietus</span> <span class='ocrx_word' id='word_1_207' title='bbox 265 2240 387 2290; x_wconf 85' lang='lat' dir='ltr'>Dominus</span> <span class='ocrx_word' id='word_1_208' title='bbox 408 2259 414 2290; x_wconf 92' lang='lat'><strong>:</strong></span> <span class='ocrx_word' id='word_1_209' title='bbox 431 2257 491 2304; x_wconf 88' lang='lat' dir='ltr'>quo·</span> <span class='ocrx_word' id='word_1_210' title='bbox 523 2239 560 2287; x_wconf 91' lang='lat' dir='ltr'>nis</span> <span class='ocrx_word' id='word_1_211' title='bbox 571 2246 669 2287; x_wconf 84' lang='lat' dir='ltr'>sanctus</span> <span class='ocrx_word' id='word_1_212' title='bbox 681 2257 687 2288; x_wconf 80' lang='lat' dir='ltr'><strong><em>z</em></strong></span> <span class='ocrx_word' id='word_1_213' title='bbox 698 2240 725 2288; x_wconf 89' lang='lat' dir='ltr'>in</span> <span class='ocrx_word' id='word_1_214' title='bbox 736 2247 847 2304; x_wconf 88' lang='lat' dir='ltr'>tempore</span> <span class='ocrx_word' id='word_1_215' title='bbox 858 2256 947 2304; x_wconf 89' lang='lat' dir='ltr'>oppor-</span> 
     </span>
     <span class='ocr_line' id='line_1_33' title="bbox 64 2304 590 2354; baseline -0.004 0"><span class='ocrx_word' id='word_1_216' title='bbox 64 2306 134 2354; x_wconf 81' lang='lat' dir='ltr'>niam</span> <span class='ocrx_word' id='word_1_217' title='bbox 146 2304 285 2354; x_wconf 81' lang='lat' dir='ltr'>mirificavit</span> <span class='ocrx_word' id='word_1_218' title='bbox 301 2306 492 2354; x_wconf 85' lang='lat' dir='ltr'>misericordiam</span> <span class='ocrx_word' id='word_1_219' title='bbox 523 2312 590 2352; x_wconf 90' lang='lat' dir='ltr'>tuno.</span> 
     </span>
     <span class='ocr_line' id='line_1_34' title="bbox 65 2367 949 2433; baseline -0.002 -15"><span class='ocrx_word' id='word_1_220' title='bbox 65 2385 137 2418; x_wconf 84' lang='lat' dir='ltr'>suam</span> <span class='ocrx_word' id='word_1_221' title='bbox 146 2369 224 2429; x_wconf 81' lang='lat' dir='ltr'>mihi3</span> <span class='ocrx_word' id='word_1_222' title='bbox 235 2369 261 2418; x_wconf 94' lang='lat' dir='ltr'>in</span> <span class='ocrx_word' id='word_1_223' title='bbox 272 2369 370 2418; x_wconf 85' lang='lat' dir='ltr'>civitate</span> <span class='ocrx_word' id='word_1_224' title='bbox 381 2370 482 2418; x_wconf 70' lang='lat' dir='ltr'>munito„</span> <span class='ocrx_word' id='word_1_225' title='bbox 555 2367 731 2417; x_wconf 83' lang='lat' dir='ltr'>Verumtamen</span> <span class='ocrx_word' id='word_1_226' title='bbox 739 2368 764 2417; x_wconf 91' lang='lat' dir='ltr'>in</span> <span class='ocrx_word' id='word_1_227' title='bbox 773 2369 867 2418; x_wconf 89' lang='lat' dir='ltr'>diluvio</span> <span class='ocrx_word' id='word_1_228' title='bbox 876 2385 949 2433; x_wconf 85' lang='lat' dir='ltr'>aqua-</span> 
     </span>
    </p>

    <p class='ocr_par' dir='ltr' id='par_1_12' title="bbox 65 2433 949 2625">
     <span class='ocr_line' id='line_1_35' title="bbox 98 2433 948 2497; baseline -0.004 -15"><span class='ocrx_word' id='word_1_229' title='bbox 98 2434 156 2497; x_wconf 83' lang='lat' dir='ltr'>Ego</span> <span class='ocrx_word' id='word_1_230' title='bbox 177 2442 259 2482; x_wconf 89' lang='lat' dir='ltr'>autem</span> <span class='ocrx_word' id='word_1_231' title='bbox 275 2433 326 2483; x_wconf 89' lang='lat' dir='ltr'>dixi</span> <span class='ocrx_word' id='word_1_232' title='bbox 345 2435 371 2483; x_wconf 92' lang='lat' dir='ltr'>in</span> <span class='ocrx_word' id='word_1_233' title='bbox 391 2449 492 2482; x_wconf 86' lang='lat' dir='ltr'>excessu</span> <span class='ocrx_word' id='word_1_234' title='bbox 523 2448 577 2480; x_wconf 87' lang='lat' dir='ltr'>rum</span> <span class='ocrx_word' id='word_1_235' title='bbox 596 2433 729 2481; x_wconf 83' lang='lat' dir='ltr'>multarum</span> <span class='ocrx_word' id='word_1_236' title='bbox 747 2447 753 2483; x_wconf 89' lang='lat'><strong>:</strong></span> <span class='ocrx_word' id='word_1_237' title='bbox 774 2434 807 2482; x_wconf 87' lang='lat' dir='ltr'>ad</span> <span class='ocrx_word' id='word_1_238' title='bbox 826 2450 882 2483; x_wconf 92' lang='lat' dir='ltr'>eum</span> <span class='ocrx_word' id='word_1_239' title='bbox 899 2450 948 2480; x_wconf 85' lang='lat' dir='ltr'>non</span> 
     </span>
     <span class='ocr_line' id='line_1_36' title="bbox 65 2497 736 2561; baseline -0.003 -15"><span class='ocrx_word' id='word_1_240' title='bbox 65 2498 156 2546; x_wconf 91' lang='lat' dir='ltr'>mentis</span> <span class='ocrx_word' id='word_1_241' title='bbox 172 2513 234 2546; x_wconf 83' lang='lat' dir='ltr'>meae</span> <span class='ocrx_word' id='word_1_242' title='bbox 248 2514 255 2545; x_wconf 76' lang='lat' dir='ltr'><strong><em>z</em></strong></span> <span class='ocrx_word' id='word_1_243' title='bbox 267 2497 392 2560; x_wconf 88' lang='lat' dir='ltr'>Projectus</span> <span class='ocrx_word' id='word_1_244' title='bbox 409 2513 464 2546; x_wconf 89' lang='lat' dir='ltr'>sum</span> <span class='ocrx_word' id='word_1_245' title='bbox 478 2513 494 2546; x_wconf 86' lang='lat' dir='ltr'>a</span> <span class='ocrx_word' id='word_1_246' title='bbox 524 2497 736 2561; x_wconf 85' lang='lat' dir='ltr'>approximabunt.</span> 
     </span>
     <span class='ocr_line' id='line_1_37' title="bbox 65 2561 949 2625; baseline -0.002 -15"><span class='ocrx_word' id='word_1_247' title='bbox 65 2561 129 2611; x_wconf 81' lang='lat' dir='ltr'>facie</span> <span class='ocrx_word' id='word_1_248' title='bbox 139 2561 267 2611; x_wconf 88' lang='lat' dir='ltr'>oculomm</span> <span class='ocrx_word' id='word_1_249' title='bbox 277 2569 382 2612; x_wconf 87' lang='lat' dir='ltr'>tuorum.</span> <span class='ocrx_word' id='word_1_250' title='bbox 556 2561 596 2609; x_wconf 91' lang='lat' dir='ltr'>Tu</span> <span class='ocrx_word' id='word_1_251' title='bbox 612 2577 637 2610; x_wconf 90' lang='lat' dir='ltr'>es</span> <span class='ocrx_word' id='word_1_252' title='bbox 652 2562 772 2625; x_wconf 81' lang='lat' dir='ltr'>refugium</span> <span class='ocrx_word' id='word_1_253' title='bbox 789 2577 871 2610; x_wconf 88' lang='lat' dir='ltr'>meum</span> <span class='ocrx_word' id='word_1_254' title='bbox 883 2577 897 2608; x_wconf 89' lang='lat' dir='ltr'>a</span> <span class='ocrx_word' id='word_1_255' title='bbox 909 2562 949 2610; x_wconf 89' lang='lat' dir='ltr'>tri·</span> 
     </span>
    </p>

    <p class='ocr_par' dir='ltr' id='par_1_13' title="bbox 66 2625 949 2804">
     <span class='ocr_line' id='line_1_38' title="bbox 99 2625 949 2691; baseline -0.004 -16"><span class='ocrx_word' id='word_1_256' title='bbox 99 2625 162 2675; x_wconf 91' lang='lat' dir='ltr'>Ideo</span> <span class='ocrx_word' id='word_1_257' title='bbox 189 2626 309 2675; x_wconf 82' lang='lat' dir='ltr'>exaudisti</span> <span class='ocrx_word' id='word_1_258' title='bbox 330 2642 417 2675; x_wconf 88' lang='lat' dir='ltr'>vocem</span> <span class='ocrx_word' id='word_1_259' title='bbox 440 2641 493 2674; x_wconf 85' lang='lat' dir='ltr'>ora·</span> <span class='ocrx_word' id='word_1_260' title='bbox 523 2625 650 2674; x_wconf 83' lang='lat' dir='ltr'>bulatione</span> <span class='ocrx_word' id='word_1_261' title='bbox 659 2642 714 2691; x_wconf 88' lang='lat' dir='ltr'>quae</span> <span class='ocrx_word' id='word_1_262' title='bbox 722 2627 881 2675; x_wconf 90' lang='lat' dir='ltr'>circumdedit</span> <span class='ocrx_word' id='word_1_263' title='bbox 893 2641 949 2673; x_wconf 88' lang='lat' dir='ltr'>me:</span> 
     </span>
     <span class='ocr_line' id='line_1_39' title="bbox 66 2688 949 2749; baseline -0.003 -10"><span class='ocrx_word' id='word_1_264' title='bbox 66 2688 142 2740; x_wconf 87' lang='lat' dir='ltr'>tionis</span> <span class='ocrx_word' id='word_1_265' title='bbox 165 2705 227 2740; x_wconf 80' lang='lat' dir='ltr'>meoe</span> <span class='ocrx_word' id='word_1_266' title='bbox 247 2707 255 2740; x_wconf 74' lang='lat' dir='ltr'>r</span> <span class='ocrx_word' id='word_1_267' title='bbox 275 2690 333 2739; x_wconf 90' lang='lat' dir='ltr'>dum</span> <span class='ocrx_word' id='word_1_268' title='bbox 363 2691 494 2740; x_wconf 82' lang='lat' dir='ltr'>clamarem</span> <span class='ocrx_word' id='word_1_269' title='bbox 525 2690 642 2738; x_wconf 87' lang='lat' dir='ltr'>exultatio</span> <span class='ocrx_word' id='word_1_270' title='bbox 658 2706 721 2749; x_wconf 88' lang='lat' dir='ltr'>mea,</span> <span class='ocrx_word' id='word_1_271' title='bbox 741 2705 798 2738; x_wconf 92' lang='lat' dir='ltr'>erue</span> <span class='ocrx_word' id='word_1_272' title='bbox 817 2705 858 2738; x_wconf 93' lang='lat' dir='ltr'>me</span> <span class='ocrx_word' id='word_1_273' title='bbox 874 2706 889 2737; x_wconf 88' lang='lat' dir='ltr'>a</span> <span class='ocrx_word' id='word_1_274' title='bbox 906 2690 949 2737; x_wconf 88' lang='lat' dir='ltr'>cir·</span> 
     </span>
     <span class='ocr_line' id='line_1_40' title="bbox 66 2754 754 2804; baseline 0 -2"><span class='ocrx_word' id='word_1_275' title='bbox 66 2755 100 2803; x_wconf 85' lang='lat' dir='ltr'>ad</span> <span class='ocrx_word' id='word_1_276' title='bbox 111 2762 143 2804; x_wconf 84' lang='lat' dir='ltr'>te</span> <span class='ocrx_word' id='word_1_277' title='bbox 525 2754 696 2803; x_wconf 88' lang='lat' dir='ltr'>cumdantibus</span> <span class='ocrx_word' id='word_1_278' title='bbox 708 2770 754 2802; x_wconf 89' lang='lat' dir='ltr'>me.</span> 
     </span>
    </p>

    <p class='ocr_par' dir='ltr' id='par_1_14' title="bbox 60 2817 962 3140">
     <span class='ocr_line' id='line_1_41' title="bbox 99 2817 951 2882; baseline -0.004 -14"><span class='ocrx_word' id='word_1_279' title='bbox 99 2818 205 2882; x_wconf 83' lang='lat' dir='ltr'>Diligite</span> <span class='ocrx_word' id='word_1_280' title='bbox 236 2819 374 2867; x_wconf 90' lang='lat' dir='ltr'>Dominum</span> <span class='ocrx_word' id='word_1_281' title='bbox 409 2834 494 2868; x_wconf 91' lang='lat' dir='ltr'>omnes</span> <span class='ocrx_word' id='word_1_282' title='bbox 559 2819 713 2867; x_wconf 87' lang='lat' dir='ltr'>Intellectum</span> <span class='ocrx_word' id='word_1_283' title='bbox 744 2817 790 2866; x_wconf 91' lang='lat' dir='ltr'>tibi</span> <span class='ocrx_word' id='word_1_284' title='bbox 823 2818 896 2877; x_wconf 89' lang='lat' dir='ltr'>dabo,</span> <span class='ocrx_word' id='word_1_285' title='bbox 927 2826 951 2866; x_wconf 90' lang='lat' dir='ltr'>et</span> 
     </span>
     <span class='ocr_line' id='line_1_42' title="bbox 60 2882 951 2947; baseline -0.006 -12"><span class='ocrx_word' id='word_1_286' title='bbox 60 2883 146 2935; x_wconf 75' lang='lat' dir='ltr'>saneti</span> <span class='ocrx_word' id='word_1_287' title='bbox 163 2882 222 2946; x_wconf 88' lang='lat' dir='ltr'>ejus,</span> <span class='ocrx_word' id='word_1_288' title='bbox 236 2883 354 2947; x_wconf 87' lang='lat' dir='ltr'>quoniam</span> <span class='ocrx_word' id='word_1_289' title='bbox 366 2885 494 2933; x_wconf 87' lang='lat' dir='ltr'>veritatem</span> <span class='ocrx_word' id='word_1_290' title='bbox 526 2883 644 2931; x_wconf 87' lang='lat' dir='ltr'>instruam</span> <span class='ocrx_word' id='word_1_291' title='bbox 655 2891 680 2930; x_wconf 89' lang='lat' dir='ltr'>te</span> <span class='ocrx_word' id='word_1_292' title='bbox 693 2883 719 2930; x_wconf 92' lang='lat' dir='ltr'>in</span> <span class='ocrx_word' id='word_1_293' title='bbox 729 2882 770 2930; x_wconf 88' lang='lat' dir='ltr'>via</span> <span class='ocrx_word' id='word_1_294' title='bbox 780 2882 827 2931; x_wconf 80' lang='lat' dir='ltr'>huc</span> <span class='ocrx_word' id='word_1_295' title='bbox 838 2898 887 2946; x_wconf 82' lang='lat' dir='ltr'>qua</span> <span class='ocrx_word' id='word_1_296' title='bbox 897 2897 951 2944; x_wconf 83' lang='lat' dir='ltr'>gra·</span> 
     </span>
     <span class='ocr_line' id='line_1_43' title="bbox 67 2947 951 3011; baseline -0.002 -15"><span class='ocrx_word' id='word_1_297' title='bbox 67 2947 174 3011; x_wconf 86' lang='lat' dir='ltr'>requiret</span> <span class='ocrx_word' id='word_1_298' title='bbox 185 2947 309 2996; x_wconf 87' lang='lat' dir='ltr'>Dominus</span> <span class='ocrx_word' id='word_1_299' title='bbox 321 2965 328 2996; x_wconf 75' lang='lat' dir='ltr'>r</span> <span class='ocrx_word' id='word_1_300' title='bbox 339 2955 363 2997; x_wconf 90' lang='lat' dir='ltr'>et</span> <span class='ocrx_word' id='word_1_301' title='bbox 380 2948 496 2997; x_wconf 87' lang='lat' dir='ltr'>retribuet</span> <span class='ocrx_word' id='word_1_302' title='bbox 526 2948 600 2996; x_wconf 90' lang='lat' dir='ltr'>dieris</span> <span class='ocrx_word' id='word_1_303' title='bbox 614 2964 620 2996; x_wconf 75' lang='grc' dir='ltr'><strong>ε</strong></span> <span class='ocrx_word' id='word_1_304' title='bbox 632 2947 736 2996; x_wconf 85' lang='lat' dir='ltr'>firmabo</span> <span class='ocrx_word' id='word_1_305' title='bbox 747 2962 821 3011; x_wconf 86' lang='lat' dir='ltr'>super</span> <span class='ocrx_word' id='word_1_306' title='bbox 831 2954 856 2996; x_wconf 88' lang='lat' dir='ltr'>te</span> <span class='ocrx_word' id='word_1_307' title='bbox 867 2947 951 2997; x_wconf 86' lang='lat' dir='ltr'>oculo&#39;s</span> 
     </span>
     <span class='ocr_line' id='line_1_44' title="bbox 67 3011 601 3077; baseline -0.002 -17"><span class='ocrx_word' id='word_1_308' title='bbox 67 3012 222 3062; x_wconf 80' lang='lat' dir='ltr'>abundanter</span> <span class='ocrx_word' id='word_1_309' title='bbox 243 3011 388 3062; x_wconf 80' lang='lat' dir='ltr'>iacientibus</span> <span class='ocrx_word' id='word_1_310' title='bbox 412 3028 495 3077; x_wconf 84' lang='lat' dir='ltr'>super·</span> <span class='ocrx_word' id='word_1_311' title='bbox 526 3027 601 3061; x_wconf 88' lang='lat' dir='ltr'>meos.</span> 
     </span>
     <span class='ocr_line' id='line_1_45' title="bbox 67 3074 962 3140; baseline -0.007 -14"><span class='ocrx_word' id='word_1_312' title='bbox 67 3076 144 3126; x_wconf 82' lang='lat' dir='ltr'>biam.</span> <span class='ocrx_word' id='word_1_313' title='bbox 559 3075 645 3124; x_wconf 87' lang='lat' dir='ltr'>Nolite</span> <span class='ocrx_word' id='word_1_314' title='bbox 666 3074 718 3124; x_wconf 88' lang='lat' dir='ltr'>fieri</span> <span class='ocrx_word' id='word_1_315' title='bbox 745 3075 809 3125; x_wconf 88' lang='lat' dir='ltr'>sicut</span> <span class='ocrx_word' id='word_1_316' title='bbox 830 3092 911 3140; x_wconf 63' lang='lat' dir='ltr'>equus</span> <span class='ocrx_word' id='word_1_317' title='bbox 932 3082 962 3121; x_wconf 63' lang='lat' dir='ltr'>ex</span> 
     </span>
    </p>
   </div>
   <div class='ocr_carea' id='block_1_3' title="bbox 135 3152 182 3204">
    <p class='ocr_par' dir='ltr' id='par_1_15' title="bbox 135 3152 182 3204">
     <span class='ocr_line' id='line_1_46' title="bbox 135 3152 182 3204; baseline 0 0"><span class='ocrx_word' id='word_1_318' title='bbox 135 3152 182 3204; x_wconf 85' lang='lat'>233</span> 
     </span>
    </p>
   </div>
   <div class='ocr_carea' id='block_1_4' title="bbox 0 0 1056 3450">
    <p class='ocr_par' dir='ltr' id='par_1_16' title="bbox 0 0 1056 3450">
     <span class='ocr_line' id='line_1_47' title="bbox 0 0 1056 3450; baseline 0 0"><span class='ocrx_word' id='word_1_319' title='bbox 0 0 1056 3450; x_wconf 95' lang='lat' dir='ltr'> </span> 
     </span>
    </p>
   </div>
  </div>
 </body>
</html>
