2092 3450
70 187 132 240 Dies
144 186 277 233 XXVIII.
456 178 565 245 isssalnti.
823 179 869 224 Ad
883 178 947 239 Vcrp.

69 333 496 456 Ξουὲἒῃῑῖἓωὲὲγξήῗῖῗῗᾝξ
531 376 597 422 bns
610 373 738 421 XXVIII.
768 369 807 425 dr
819 369 951 437 bernus.

69 474 85 505 u
116 457 284 522 ueedpecus.
377 521 418 569 Odl

127 521 377 585 tmisitsignaetpr
411 519 496 584 ’giain

69 586 155 635 medio
172 585 216 644 tui,
234 586 344 649 AEgypte
363 602 370 634 ξ
387 585 413 634 in
433 585 497 633 Pha·
593 553 724 602 Psnuuus
739 551 891 601 CXXXVI.

69 665 174 699 raonem
197 657 222 700 et
248 649 275 698 in
302 664 388 698 omnes
414 664 497 698 servos
589 651 814 703 ONFITEMINI
845 650 954 701 Domino

69 714 131 777 ejus.
613 715 954 782 quoniambonusrquoniam

104 778 156 841 Qui
199 777 286 828 rcussit
296 785 381 841 gentes
388 778 497 827 multas:
529 781 684 830 inaeternum
695 780 862 830 misericordia
872 779 931 842 ejus.

70 850 95 892 et
108 843 162 891 occi
181 843 200 891 ‘t
210 858 280 907 reges
289 842 371 892 fortes.
562 845 720 895 Confitemini
743 844 798 894 Deo
817 844 920 894 deorum
947 861 954 891 r

103 906 495 970 SehonregemAmorrhaeorum,
529 910 646 974 quoniam
667 910 694 958 in
715 916 834 959 aetemum
860 907 953 957 miseri-

70 979 96 1020 et
108 971 152 1035 Og
167 986 250 1034 regem
261 971 343 1020 Basan
357 989 364 1020 r
376 978 400 1020 et
415 972 499 1020 omnia
529 974 613 1023 cordia
623 973 683 1037 ejus.

70 1051 148 1098 regna
159 1035 286 1085 Chauaan.
562 1037 721 1087 Confitemini
743 1036 853 1086 Domino
875 1036 954 1084 dorni-

104 1101 139 1148 Et
148 1099 218 1149 dedit
228 1108 318 1149 terram
327 1116 411 1149 eorum
422 1100 498 1149 haere·
528 1118 617 1151 nomm
636 1121 643 1151 ι
660 1102 777 1177 quoniam
793 1101 820 1150 in
835 1108 953 1164 aetemum

70 1165 177 1213 ditatern
202 1181 209 1213 z
229 1164 399 1213 haereditatem
422 1164 498 1213 lsrael
529 1167 695 1216 misericordia
706 1166 765 1229 ejus.

70 1244 106 1292 po
124 1228 168 1278 ulo
178 1243 230 1278 suo.
562 1231 613 1294 Qui
634 1231 692 1280 facit
714 1230 838 1279 mirabilia
864 1245 954 1292 magna

131 1293 222 1352 omine,
246 1292 348 1342 Nomen
374 1300 444 1343 tuum
471 1293 498 1342 in
529 1294 595 1345 solus
618 1313 625 1344 r
647 1295 764 1358 quoniam
786 1295 813 1343 in
834 1301 960 1343 aetemum-

71 1364 193 1406 aeternum
208 1374 214 1407 r
226 1356 341 1417 Domine,
354 1358 497 1406 memoriale
529 1360 697 1408 misericordia
707 1359 766 1422 ejus.

70 1430 143 1470 tuum
155 1421 373 1485 ingenerationem
385 1428 409 1471 et
424 1438 497 1485 gene·
562 1424 612 1487 Qui
620 1423 677 1473 iecit
688 1424 764 1473 coelos
774 1423 801 1471 in
811 1421 954 1471 intellectu:

71 1486 201 1534 rationem.
529 1488 647 1552 quoniam
667 1487 694 1536 in
714 1495 834 1537 aetemum
860 1486 954 1534 miseri-

105 1549 173 1612 Quia
181 1549 302 1613 judicabit
317 1549 438 1599 Dominus
453 1566 497 1614 po·
530 1553 614 1602 cordia
624 1552 684 1615 ejus.

71 1613 160 1677 pulum
170 1621 299 1664 suumzet
314 1615 341 1662 in
357 1615 432 1664 servis
448 1615 498 1664 suis
563 1616 613 1680 Qui
634 1616 742 1665 firmavit
763 1622 855 1665 terram
881 1630 954 1678 super

70 1678 251 1742 deprecabitur.
529 1696 605 1756 aquas
631 1698 638 1730 e
660 1680 814 1744 quoniamin
834 1686 954 1728 aeternum

104 1742 261 1792 simulachra
281 1743 391 1806 gentium
413 1758 497 1806 argen·
529 1745 696 1794 misericordia
707 1744 765 1807 ejus.

70 1815 125 1855 tum
136 1814 163 1855 et
173 1823 260 1856 aurum
274 1822 368 1870 :opera
380 1823 498 1856 manuum
562 1809 613 1872 Qui
627 1809 684 1858 fecit
700 1807 831 1858 luminaria
841 1823 933 1870 magna
947 1825 953 1855 z

70 1871 210 1920 hominum.
529 1874 647 1937 quoniam
672 1874 698 1921 in
719 1880 839 1922 aeternum
859 1872 953 1920 miseri-

105 1935 142 1984 Os
162 1934 261 1995 habent,
284 1943 308 1984 et
326 1951 377 1985 non
395 1935 497 2000 loquen·
529 1938 614 1986 cordia
624 1937 683 2000 ejus.
976 1972 977 1976 ,

69 2009 113 2048 tur
137 2017 144 2048 ε
167 1999 251 2048 oculos
277 1999 376 2059 babent,
402 2007 425 2049 et
447 2017 497 2050 non
562 2002 648 2051 Solem
665 2002 691 2050 in
710 2006 858 2065 potestatem
877 2000 927 2048 diei
947 2018 953 2048 ι

70 2064 200 2113 videbunt.
529 2066 646 2130 quoniam
667 2067 693 2114 in
715 2072 833 2114 aetemum
860 2065 954 2113 miseri·

104 2129 187 2177 Aures
205 2128 304 2186 habent,
319 2138 343 2177 et
361 2145 412 2178 non
429 2129 497 2178 audi·
530 2131 614 2179 cordia
625 2130 684 2193 ejus.

70 2199 113 2241 ent
134 2210 141 2241 ι
161 2207 242 2256 neque
261 2193 327 2241 enirn
343 2200 380 2242 est
399 2193 497 2257 spiritus
561 2195 660 2244 Lunam
682 2201 707 2243 et
724 2192 807 2243 stellas
823 2193 850 2242 in
871 2199 954 2256 potes·

69 2258 97 2305 in
109 2273 153 2306 ore
164 2257 281 2320 ipsorum.
528 2266 606 2308 tatem
615 2258 695 2308 noctis
706 2276 712 2307 ι
723 2257 841 2322 quoniam
850 2257 876 2305 in
885 2265 953 2304 aeter·

105 2320 206 2372 Similes
216 2321 265 2370 illis
276 2320 337 2371 fiant
347 2322 390 2386 qui
405 2322 497 2371 faciunt
528 2338 589 2372 num
600 2323 767 2372 misericordia
777 2322 836 2384 ejus.
888 2341 890 2344 ·

70 2402 101 2434 ea
117 2386 311 2450 :etomnesqui
328 2386 454 2435 confidunt
470 2387 497 2436 in
561 2387 612 2450 Qui
622 2387 740 2450 percussit
748 2387 886 2450 AEgyptum
897 2399 954 2433 cum

70 2452 114 2499 eis.
413 2452 417 2459 '
529 2451 699 2516 primogenitis
714 2465 799 2500 eorum
814 2468 820 2499 r
835 2449 953 2514 quoniam

105 2515 203 2563 Domus
241 2514 324 2575 Isra'e'l,
359 2515 497 2564 benedicite
528 2517 555 2565 in
566 2525 686 2565 aeternum
696 2514 864 2564 misericordia
874 2513 933 2576 ejus.

70 2579 183 2628 Domino
198 2578 304 2628 :domus
314 2579 408 2639 Aaron,
422 2580 497 2628 bene·
562 2580 612 2643 Qui
629 2580 712 2630 eduxit
729 2578 805 2629 Israel
821 2576 953 2627 demedio

68 2644 147 2693 dicite
158 2641 274 2691 Domino.
529 2660 614 2693 eorum
632 2663 638 2695 ε
656 2644 775 2708 quoniam
791 2643 817 2690 in
833 2647 953 2691 aeternum

103 2706 201 2757 Domus
213 2707 282 2765 Levi,
295 2707 433 2757 benedicite
445 2707 495 2757 Do·
528 2709 697 2767 misericordia
707 2707 766 2771 ejus.

69 2773 139 2821 mino
160 2788 167 2820 ι
184 2771 226 2835 qui
242 2771 334 2820 timetis
350 2771 493 2834 Dominum,
561 2773 591 2822 In
607 2787 684 2822 manu
700 2770 794 2836 potenti
811 2775 836 2818 et
852 2768 952 2818 brachio

69 2834 210 2884 benedicite
221 2833 337 2884 Domino.
454 2837 466 2856 ²
529 2837 645 2887 excelso:
674 2836 776 2885 uoniam
790 2835 816 2883 in
832 2840 952 2883 aetemum

104 2898 503 2952 BenedictusDominusexSione'
529 2902 642 2951 miserico
672 2899 767 2963 iaejus.

69 2963 114 3028 qui
125 2963 222 3013 habitat
233 2964 259 3012 in
271 2964 434 3014 Hierusalem.
563 2966 614 3029 Qui
625 2964 708 3014 divisit
718 2978 786 3013 mare
798 2962 913 3011 Rubrum
925 2962 951 3010 in

527 3030 659 3079 divisiones
678 3028 820 3092 :quoniam
838 3027 865 3076 in
882 3037 951 3076 aeter·

527 3109 589 3144 num
599 3093 768 3143 misericordia
778 3091 841 3158 eius

133 3165 184 3219 30⁷
