2092 3450
320 140 392 194 fictu
410 141 439 192 ab
456 137 616 192 visitantum
633 137 778 194 infirmum.

118 301 148 334 eo
175 284 304 350 pristinam
331 283 464 341 restituere,
488 281 544 331 reli·
574 287 599 329 te
618 280 643 328 in
662 256 730 329 reesa
747 280 789 329 via
807 295 862 345 quae
882 281 952 331 ducit
971 281 1003 330 ad

118 364 193 413 quarn
210 349 288 397 vitam
304 347 332 396 in
348 348 437 395 timore
456 354 499 396 tuo
519 353 544 395 et
575 345 651 394 vitam
661 352 786 395 aeternam.

118 414 149 462 ad
161 413 265 476 gloriam
276 421 345 460 tuam
355 417 463 474 peragat.
498 410 543 460 Sin

118 479 206 537 minus,
220 477 253 525 da
264 476 286 524 ei
300 484 368 524 tuam
378 475 544 523 visitationem
575 476 600 523 Si
622 474 641 521 is
662 474 704 537 qui
725 473 837 520 visitatur
855 472 994 520 admodum

118 542 152 590 ita
179 541 309 603 suscipere,
340 546 367 587 ut
393 546 450 602 post
479 540 544 588 hanc
598 547 704 600 aegrotus
722 539 761 597 sit,
781 538 856 585 liceat
880 538 995 586 Parocho

118 606 194 654 vitam
205 604 345 653 dolorosam
362 610 444 651 tecum
455 603 481 651 in
492 603 544 652 vita
598 605 639 652 hic
666 604 746 651 facere
775 603 850 651 finem
879 603 994 652 exhorta·

118 667 375 732 sempiternahabitet.
404 668 543 730 PerJesum
599 670 688 726 tionis;
706 669 816 732 alioquin
829 676 926 732 pergat.

118 734 243 782 Christum
266 731 403 780 Dominum
422 739 539 780 nostrum.

117 801 205 846 Amen.
638 796 743 846 CCIPE
764 796 840 860 igitur
861 797 888 846 in
910 799 1001 848 bonam

115 885 214 932 Deinde
237 885 352 932 Minister
371 883 495 932 infirmum
513 884 538 930 in
657 862 941 925 Partemfflffectifflem
950 863 1000 911 ΒΟ·

147 951 211 997 hanc
234 950 273 998 vel
299 949 404 998 similem
433 949 537 998 formam
575 925 642 975 mini·
673 925 1002 1002 Nam’mlfflffiturllfflms

147 1016 298 1063 adhortetur·
575 991 665 1038 Paulus
679 1006 706 1038 rn
716 990 864 1039 duodecimo
875 998 959 1055 capite
971 991 1001 1039 ad

575 1054 704 1112 Hebraeos,
719 1054 801 1116 Quem
813 1053 896 1118 diligit
914 1056 1001 1104 Domi·

174 1118 264 1177 CIAS,
279 1117 444 1178 dilectissime,
460 1119 543 1167 Deum
574 1134 627 1177 nus,
649 1119 769 1181 castigat3
790 1117 900 1181 flagellat
920 1127 1001 1168 autem

201 1183 404 1245 Omnipotentem
416 1191 440 1231 et
451 1183 508 1231 vitae
520 1191 544 1231 et
575 1198 674 1231 omnem
701 1183 779 1230 filium
804 1198 878 1246 quern
903 1184 997 1247 recipit.

116 1247 210 1304 mortis,
225 1255 249 1294 et
265 1247 377 1295 omnium
387 1262 442 1310 quae
454 1247 486 1294 ad
502 1263 543 1295 eas
575 1247 605 1295 In
616 1247 747 1310 disciplina
762 1254 933 1310 perseverate;
949 1255 1000 1296 tan-

117 1312 246 1374 pertinent,
279 1311 372 1359 scilicet
398 1311 539 1374 juventutis,
575 1327 649 1374 quam
658 1311 714 1359 filiis
722 1311 793 1359 vobis
802 1312 873 1360 offert
882 1327 910 1360 se
918 1312 1000 1369 Deus;

117 1376 218 1433 roboris,
265 1375 358 1434 salutis,
401 1376 539 1434 senectutis,
574 1376 629 1438 quis
640 1376 705 1424 enim
717 1374 788 1435 filius,
800 1390 875 1439 quem
885 1391 939 1425 non
950 1391 1001 1425 cor-

116 1440 248 1502 languon's,
304 1445 329 1487 et
384 1439 539 1498 infirmitatis,
574 1440 631 1503 ripit
642 1441 729 1503 pater?
759 1439 834 1501 Quod
843 1440 864 1488 si
875 1447 946 1488 extra
954 1441 1000 1489 dis·

117 1519 169 1551 esse
191 1503 335 1551 Dominum.
383 1504 466 1565 Quare
488 1520 542 1567 per·
575 1504 691 1567 ciplinam
705 1504 769 1562 estis,
785 1503 854 1566 cujus
868 1505 1001 1568 participes

116 1583 215 1615 suasum
240 1568 285 1615 tibi
312 1568 350 1626 sit,
375 1567 542 1616 infirmitatem
574 1569 631 1617 facti
642 1574 699 1616 sunt
710 1584 803 1626 omnes,
815 1583 874 1630 ergo
886 1568 998 1624 adulteri,

117 1641 191 1690 tuam,
222 1632 398 1695 qualiscunque
425 1633 463 1692 sit,
494 1632 542 1680 Dei
574 1640 598 1681 et
612 1648 662 1680 non
680 1633 724 1680 filii
740 1632 803 1680 estis
841 1632 943 1682 Deinde
959 1649 1000 1696 pa·

117 1712 168 1743 esse
179 1696 351 1744 visitationem.
388 1697 421 1744 Et
435 1712 541 1760 quacun·
574 1708 622 1745 tres
634 1698 733 1760 quidem
749 1696 828 1744 carnis
845 1706 937 1746 nostrae
949 1714 999 1746 eru-

116 1776 164 1822 que
192 1761 223 1808 de
254 1777 327 1808 causa
358 1761 403 1808 tibi
433 1761 542 1808 immissa
573 1762 663 1808 ditores
680 1761 817 1819 habuimus,
833 1768 858 1808 et
874 1763 1000 1810 revereba-

117 1825 201 1883 iuerit3
219 1825 270 1873 sive
281 1826 312 1873 ad
330 1825 483 1888 probandam
499 1841 540 1888 pa·
574 1840 628 1873 mur
639 1841 680 1873 eos
691 1844 698 1884 ;
714 1840 764 1873 non
776 1825 855 1873 multo
866 1827 947 1889 magis
958 1827 999 1874 ob-

116 1889 228 1936 tientiam
248 1897 323 1948 tuam,
343 1897 370 1937 ut
390 1890 443 1937 aliis
460 1905 540 1937 exem·
573 1889 763 1953 temperabimus
779 1889 846 1936 Patri
860 1891 998 1953 spirituum,
1038 1917 1040 1939 ;

116 1952 185 2015 plum
202 1955 318 2016 praebeat,
339 1961 362 2001 et
380 1953 440 2002 fides
456 1962 499 2001 tua
516 1954 539 2000 in
573 1960 596 2001 et
608 1954 737 2002 vivemus?
769 1954 802 2001 Et
814 1953 851 2001 illi
862 1955 965 2017 quidem
976 1956 1000 2002 in

116 2017 156 2064 die
176 2017 279 2065 Domini
302 2019 438 2065 inveniatur
457 2018 540 2065 lauda·
573 2028 682 2080 tempore
699 2033 833 2081 paucorum
850 2019 949 2066 dierum
965 2035 1000 2067 se·

115 2081 179 2139 bilis,
201 2082 314 2144 gloriosa,
335 2082 492 2140 honorabilis,
515 2083 540 2130 in
572 2083 679 2130 cundum
691 2082 843 2130 voluntatem
860 2098 932 2130 suam
949 2099 1000 2131 eru-

115 2145 200 2205 gloriae
211 2153 234 2193 et
249 2146 402 2209 sempiternae
419 2146 541 2194 felicitatis
572 2147 673 2195 diebant
689 2162 750 2205 nos;
768 2146 808 2193 hic
825 2154 910 2194 autem
926 2148 959 2194 ad
976 2148 1002 2194 id

116 2217 292 2270 augmentum3
309 2211 360 2258 sive
371 2211 401 2257 ad
420 2211 540 2272 corrigen·
572 2211 639 2273 quod
662 2211 721 2258 utile
747 2218 783 2259 est
809 2211 835 2258 in
857 2211 1003 2275 recipiendo

115 2272 175 2319 dum
183 2274 208 2320 in
216 2275 362 2338 tequicqnid
374 2275 439 2322 Patri
447 2275 541 2322 coelesti
572 2275 790 2323 sanctificationem
824 2274 883 2336 ejus.
937 2276 1001 2324 Haec

116 2343 158 2384 tuo
167 2337 310 2400 displiceat:
326 2338 386 2386 illud
399 2355 540 2401 persuasum
572 2341 654 2397 verba,
682 2340 747 2387 bone
774 2339 855 2397 frater,
881 2340 908 2387 in
933 2355 1002 2388 sacra

115 2401 161 2448 tibi
182 2402 221 2460 sit,
246 2403 313 2464 quod
337 2403 358 2450 si
385 2410 541 2466 peccatorum
574 2403 699 2467 Scriptura
715 2403 806 2465 scripta
822 2410 880 2451 sunt
897 2404 929 2452 ad
945 2420 1001 2453 nos-

115 2481 172 2512 vere
188 2467 224 2513 tui
240 2466 389 2529 poenituerit,
404 2467 424 2514 si
440 2467 540 2514 infirmi·
573 2477 635 2515 tram
657 2467 851 2516 consolationem
873 2476 898 2515 et
921 2470 1002 2517 erudi·

115 2537 191 2576 tatem
211 2531 331 2593 patienter
347 2531 494 2589 toleraveris,
515 2533 540 2579 in
572 2532 675 2590 tionem;
687 2539 713 2579 ut
722 2532 800 2579 Patris
807 2532 885 2580 nostri
894 2532 1003 2581 coelestis

116 2594 164 2640 Dei
175 2595 342 2642 misericordia
355 2603 455 2658 propter
466 2596 539 2643 dilec·
572 2596 750 2658 correptionem
767 2596 891 2658 patienter
902 2604 926 2644 et
944 2613 1002 2645 cum

115 2659 235 2705 tissimum
260 2658 311 2720 ejus
341 2659 432 2706 Filium
455 2660 540 2721 Jesum
571 2661 704 2722 gratiarum
716 2660 812 2708 actione
825 2661 1000 2721 sustineamus,

115 2722 241 2771 Christum
263 2723 382 2785 promissa
404 2723 536 2782 confidens,
572 2725 768 2786 quandocunque
788 2725 810 2772 ei
830 2740 875 2788 pro
895 2726 938 2788 pia
958 2727 1002 2775 be·

115 2794 137 2833 et
150 2787 169 2834 si
182 2788 204 2835 ei
221 2803 266 2850 pro
282 2795 383 2851 paterna
395 2787 446 2849 ejus
457 2789 538 2836 visita·
572 2789 691 2850 nignitate
729 2790 808 2836 visum
846 2789 918 2837 suerit
956 2807 1003 2840 nos

114 2850 180 2898 tione
199 2852 289 2914 gratias
308 2853 433 2899 humiliter
452 2854 536 2914 egeris,
572 2853 720 2915 quibuslibet
754 2853 861 2901 adversis
890 2854 1000 2904 visitare.

114 2915 234 2963 voluntati
254 2917 305 2978 ejus
324 2923 349 2964 te
368 2925 448 2964 totum
464 2917 538 2979 subji-
572 2918 661 2980 Neque
672 2917 751 2979 major
763 2918 899 2971 consolatio
915 2918 1002 2968 Chris·

115 2979 187 3037 ciens,
199 2988 250 3026 turn
258 2981 352 3029 eveniet
360 2981 404 3028 tibi
412 2982 437 3028 in
445 2982 538 3028 bonum
571 2981 643 3028 tianis
671 2998 723 3030 esse
753 2982 835 3040 debet,
866 2998 942 3046 quam
975 2995 1002 3033 ut

115 3042 167 3089 haec
186 3043 320 3103 infirmitas,
341 3052 364 3092 et
383 3046 537 3108 promovebit
572 3046 670 3094 Christo
687 3046 778 3094 similes
796 3046 863 3106 fiant,
885 3047 1000 3106 adversa,
1032 3047 1040 3063 ³

180 3119 190 3153 1
194 3119 226 3154 oa
