2092 3450
283 132 403 202 liturgia
415 132 536 191 Dtrlrsiar
548 134 714 192 Mmrrirrnar.

55 304 150 357 coles:
174 302 319 368 Egosum
336 298 476 353 Dominus
551 307 684 377 Populus,
708 299 839 366 Domine,
847 299 930 352 mise·

57 376 136 428 Deus
165 381 229 425 tuus
255 371 347 437 fortis,
367 370 478 437 zelotes,
512 386 573 423 rere
584 369 681 434 nostri,
693 380 721 424 et
733 370 819 423 corda
835 380 932 422 nostra

55 444 172 497 visitans
182 441 357 510 iniquitatem
366 449 477 508 patrum
510 440 547 492 ad
565 440 733 494 servandam
751 441 823 493 hanc
840 439 930 507 legem

56 515 85 568 in
97 513 180 579 filios,
192 512 221 564 in
233 510 344 564 tertiam
356 523 384 564 et
397 526 478 579 quar·
511 510 623 562 inclina

56 595 116 637 tarn
146 581 356 650 generationem
382 595 478 633 eorum
552 587 691 642 Minister,
702 580 930 649 Honorapatrem

57 652 104 723 qui
122 653 242 706 oderunt
258 667 313 718 me,
327 660 355 704 et
373 649 478 702 iaciens
510 660 589 703 tuum
602 659 629 703 et
643 659 763 704 matrem
781 660 877 712 tuam;
902 659 932 702 ut

57 721 279 777 misericordiam
292 721 320 772 in
332 719 420 772 millia
435 718 479 770 his
512 720 550 773 sis
563 721 707 787 longaevus
721 737 804 789 super
821 730 933 786 terram,

57 793 105 864 qui
120 792 240 860 diligunt
251 807 305 857 me,
317 799 346 843 et
358 789 480 849 custodi·
512 805 597 858 quam
614 791 752 843 Dominus
773 791 851 844 Deus
870 789 933 843 tuus

58 873 108 917 unt
120 871 263 932 praecepta
275 877 346 914 mea.
512 859 591 912 dabit
603 860 662 913 tibi.

92 934 227 1008 Populus.
255 931 388 998 Domine,
396 928 480 982 mise·
552 939 684 1009 populus,
712 931 934 997 Domine,mise·

58 1019 119 1057 rere
131 1001 227 1066 nostri,
240 1010 268 1054 et
282 1000 368 1054 corda
385 1010 482 1052 nostra
513 1015 575 1052 rere
586 1000 683 1067 nostri,
696 1010 724 1054 et
736 1001 823 1054 corda
838 1011 934 1054 nostra

59 1073 96 1127 ad
114 1071 282 1126 servandam
299 1071 373 1124 hanc
390 1070 481 1138 legem
513 1069 551 1122 ad
569 1070 737 1123 servandam
754 1071 828 1124 hanc
843 1071 934 1138 legem

59 1143 171 1198 inclina.
513 1138 626 1193 inclina.

92 1218 251 1274 Minister,.
272 1211 339 1263 Non
354 1225 481 1263 assumes
553 1217 693 1272 Minister,
725 1210 792 1263 Non
804 1210 925 1265 occides.

61 1285 175 1337 Nomen
196 1281 312 1336 Domini
332 1280 387 1333 Dei
400 1280 439 1331 tui
453 1279 481 1331 in
553 1290 686 1358 populus,
714 1281 935 1348 Domine,mise·

59 1367 182 1406 vanum:
207 1367 260 1404 nec
278 1349 354 1403 enim
367 1349 481 1402 habebit
514 1366 575 1404 rere
587 1349 683 1416 nostri,
696 1360 725 1403 et
737 1350 823 1404 corda
839 1363 936 1403 nostra

60 1423 202 1476 insontem
214 1420 353 1473 Dominus
363 1436 427 1473 eum
435 1418 482 1487 qui
514 1420 551 1472 ad
569 1420 738 1473 servandam
756 1421 830 1474 hanc
844 1422 935 1490 legem

60 1491 244 1560 assumpserit
280 1491 394 1543 Nomen
424 1490 483 1542 Do·
514 1489 626 1544 inclina.

60 1562 130 1615 mini
145 1561 199 1614 Dei
212 1560 254 1613 sui
267 1560 376 1612 frustra.
553 1567 693 1622 Minister,
725 1561 792 1613 Non
811 1561 935 1614 moecha·

92 1632 224 1702 Populus.
261 1628 483 1697 Domine,mise·
514 1630 597 1684 beris.

61 1718 123 1755 rere
135 1700 233 1766 nostri,
245 1709 272 1753 et
285 1700 371 1753 corda
387 1710 484 1752 nostra
554 1708 686 1778 Populus,
715 1700 846 1767 Domine,
854 1701 936 1754 mise·

61 1772 99 1825 ad
118 1770 286 1824 servandam
303 1769 377 1823 hanc
391 1769 484 1837 legem
515 1786 576 1822 rere
588 1770 685 1837 nostri,
697 1780 726 1824 et
738 1770 824 1824 corda
840 1784 937 1823 nostra

61 1840 174 1896 inclina.
515 1839 553 1892 ad
571 1841 739 1893 servandam
756 1841 830 1893 hanc
845 1840 937 1909 legem

93 1910 235 1966 Minister.
283 1910 429 1963 Memento
453 1917 483 1962 ut
515 1908 628 1963 inclina.

62 1982 139 2034 diem
170 1980 287 2033 Sabbati
317 1979 483 2033 sanctifices.
555 1986 693 2041 Minister.
739 1981 806 2034 Non
833 1981 937 2035 furtum

64 2053 120 2105 Sex
143 2050 242 2103 diebus
266 2049 436 2118 operaberis,
457 2059 485 2102 et
515 2049 609 2103 facies.

62 2121 150 2175 facies
177 2120 271 2173 omnia
301 2135 387 2188 opera
416 2129 484 2182 tua;
554 2127 687 2198 Populus,
718 2121 847 2187 Domine,
856 2121 938 2175 mise·

64 2191 184 2260 septimo
200 2200 295 2243 autem
314 2189 360 2242 die
378 2189 485 2242 Sabba·
516 2206 577 2243 rere
589 2190 687 2254 nostri,
700 2201 728 2243 et
740 2192 826 2244 corda
841 2202 939 2244 nostra

63 2271 125 2315 tum
151 2259 266 2312 Domini
293 2259 347 2312 Dei
372 2260 412 2312 tui
433 2268 483 2312 est.
516 2259 554 2312 ad
572 2260 740 2313 servandam
757 2261 830 2314 hanc
846 2261 939 2330 legem

65 2333 132 2384 Non
152 2329 238 2383 facies
260 2345 344 2383 omne
365 2345 435 2398 opus
456 2329 485 2381 in
517 2329 629 2382 inclina

63 2418 107 2466 eo,
119 2410 158 2466 tu,
171 2408 199 2452 et
211 2399 284 2452 filius
299 2409 372 2465 tuus,
383 2409 410 2452 et
429 2398 487 2451 filia
555 2405 694 2462 Minister.
730 2401 804 2454 Non'
817 2401 939 2469 loqueris

64 2482 122 2538 tua,
134 2486 231 2523 servus
246 2479 319 2534 tuus,
338 2479 366 2522 et
384 2468 487 2521 ancilla
518 2479 616 2523 contra
629 2470 787 2539 proximum
799 2481 879 2524 tuum
891 2471 939 2524 sal·

64 2551 121 2605 tua,
149 2539 309 2608 jumentum
338 2549 427 2606 tuum,
459 2548 486 2592 et
519 2551 582 2593 sum
595 2540 794 2594 testimonium.

64 2611 175 2664 advena
188 2608 235 2678 qui
248 2621 292 2662 est
304 2608 378 2661 intra
390 2618 486 2677 portas
555 2615 687 2685 Populus,
719 2611 849 2677 Domine,
857 2610 941 2664 mise-

64 2690 136 2734 tuas.
165 2679 219 2732 Sex
229 2679 304 2732 enirn
313 2679 412 2732 diebus
421 2678 487 2732 fecit
520 2695 581 2732 rere
593 2679 691 2747 nostri,
703 2689 731 2732 et
744 2680 829 2733 corda
846 2691 942 2734 nostra

66 2749 207 2804 Dominus
220 2749 323 2802 coelum
335 2758 363 2802 et
374 2758 487 2815 terram,
521 2749 559 2803 ad
577 2750 744 2803 servandam
762 2751 836 2803 hanc
851 2751 943 2819 legem

65 2830 93 2873 et
111 2836 198 2885 maro,
215 2828 243 2872 et
263 2819 358 2871 omnia
376 2834 439 2887 quae
458 2818 487 2870 in
522 2819 632 2872 inclina

65 2890 107 2944 eis
120 2899 194 2955 sunt,
207 2897 235 2942 et
247 2889 382 2957 requievit
395 2889 423 2941 in
442 2889 488 2941 die
556 2894 695 2949 Minister.
731 2890 798 2942 Non
812 2893 942 2961 concupi·

66 2960 205 3029 septimo:
223 2958 328 3011 idcirco
346 2958 488 3011 benedixit
521 2957 943 3028 scesdomurnproximitui,nec

68 3029 208 3083 Dominus
233 3028 288 3081 diei
312 3028 438 3096 Sabbati,
460 3036 488 3081 et
521 3028 695 3081 desiderabis
728 3046 842 3083 uxorem
874 3032 943 3101 ejus,

66 3097 253 3154 sanctificavit
265 3114 338 3152 eum.
521 3115 577 3151 non
594 3114 714 3166 servum,
727 3116 785 3153 non
803 3101 952 3160 ancillam,

130 3180 179 3222 400
