2092 3450
29 242 32 250 Ι
57 173 115 220 lna·
128 173 201 220 rw.
442 163 551 230 tantm.
808 161 852 207 ,rr
867 160 931 220 Vest-

58 303 155 346 etate
176 297 234 361 quid
259 297 326 346 volui
345 313 419 361 super
437 304 483 346 ter·
516 298 633 348 faciamus
644 314 729 348 omnes
740 300 793 348 dies
803 300 878 350 festos
894 301 942 350 Dei

58 362 130 410 ram?
517 373 612 412 atena.

91 425 189 474 Defecit
219 441 275 475 caro
308 443 364 475 mea
391 433 416 475 et
442 436 509 475 cor'
550 427 627 491 Signa
648 435 732 477 nostra
753 444 804 477 non
825 429 939 487 vidimus,

58 506 156 539 meum:
189 491 258 540 Deus
279 492 359 540 cordis
381 491 431 539 mei
458 500 482 540 et
513 491 565 554 jam
582 508 633 541 non
649 499 686 541 est
702 493 838 557 propheta:
855 501 879 542 et
896 509 941 542 nos

57 570 114 618 pars
126 569 182 603 mea
193 555 262 604 Deus
273 556 299 603 in
310 562 435 604 aeternum.
515 573 566 605 non
577 565 709 620 cognoscet
719 556 831 622 amplius.

91 619 158 680 Quia
169 635 233 679 ecce,
247 619 290 684 qui
301 620 417 682 elongant
434 635 460 668 se
471 635 487 668 a
551 621 694 685 Usquequo,
705 622 782 682 Deus,
791 623 942 686 impropera·

59 691 83 731 te
99 684 230 747 peribunt:
255 685 384 747 perdidisti
401 699 486 733 omnes
516 685 555 734 bit
577 686 712 735 inimicus:
728 687 807 735 irritat
829 688 942 735 adversa·

57 749 102 812 qui
112 746 264 796 fornicantur
274 749 319 796 abs
330 755 362 797 te.
517 751 567 798 rius
578 751 677 799 Nomen
689 757 760 800 tuum
770 752 796 799 in
808 750 903 799 finem?

92 811 158 860 Mihi
179 821 261 861 autem
284 813 409 861 adhaerere
430 813 487 861 Deo
551 815 587 863 Ut
621 816 681 879 quid
714 815 803 864 avertis
841 831 942 864 manum

58 877 155 924 bonum
165 883 217 926 est:
234 893 327 940 ponere
337 878 364 924 in
376 877 486 926 Domino
517 884 604 927 tuam:
631 886 655 928 et
674 879 800 928 dexteram
822 887 890 928 tuam
912 881 943 928 de

61 941 118 989 Deo
128 956 200 1004 spem
211 957 306 990 meam:
517 944 599 992 medio
610 944 666 992 sinu
677 952 720 992 tuo
731 944 757 992 in
768 944 863 993 finem?

93 1005 130 1054 Ut
141 1007 285 1054 annuntiem
296 1021 382 1054 omnes
398 1005 486 1068 praedi·
550 1008 618 1056 Deus
628 1015 711 1057 autern
728 1008 783 1056 Rex
793 1016 876 1057 noster
887 1015 944 1057 ante

59 1069 170 1119 cationes
191 1077 261 1120 tuas:
285 1070 311 1118 in
331 1070 408 1134 portis
429 1069 486 1119 filiae
517 1072 622 1121 saecula:
639 1073 942 1135 operatusestsalutemin

59 1135 128 1184 Sion.
516 1136 599 1184 medio
610 1143 687 1185 terrae.

550 1201 591 1249 Tu
602 1200 752 1250 confirmasti
763 1201 789 1249 in
800 1201 889 1250 virtute
898 1207 941 1250 tua

517 1280 599 1313 mare:
616 1266 784 1314 contribulasti
796 1267 878 1330 capita
888 1267 942 1313 dra-

139 1360 269 1408 isarnus
285 1358 408 1407 LXXIV·
518 1345 608 1442 coil?
618 1330 758 1458 {Milgis
780 1395 862 1458 capita
888 1394 943 1442 ura-

126 1459 150 1508 T
178 1458 229 1520 uid,
245 1459 321 1518 Deus,
336 1458 446 1522 repulisti
462 1458 487 1505 in
520 1457 603 1507 conis:
619 1459 709 1507 dedisti
725 1474 782 1507 eum
799 1474 880 1507 escam
899 1474 943 1522 po-

159 1475 250 1572 dnem:
275 1523 350 1571 iratus
370 1530 406 1570 est
423 1523 489 1571 furor
520 1523 584 1587 pulis
596 1522 752 1586 AEthiopum.

60 1597 117 1638 tuus
127 1603 202 1651 super
212 1603 270 1636 oves
281 1602 379 1652 pascuae
390 1589 458 1635 tuac?
552 1587 592 1636 Tu
614 1587 727 1651 dirupisti
747 1587 826 1636 fontes
848 1593 873 1636 et
894 1593 944 1635 tor·

94 1653 195 1700 Memor
217 1659 270 1700 esto
292 1651 489 1714 congregationis
519 1658 618 1700 rentes:
667 1659 694 1700 tn
726 1651 822 1701 siccasti
857 1651 945 1701 fluvios

60 1725 122 1767 tuae:
143 1731 218 1780 quam
228 1716 357 1780 possedisti
369 1717 401 1764 ab
408 1716 485 1764 initio.
521 1715 611 1765 Ethan.

94 1781 234 1830 Redemisti
265 1780 360 1843 virgam
387 1780 489 1829 haeredi·
552 1780 621 1829 Tuus
649 1786 685 1829 est
712 1780 772 1840 dies,
797 1788 821 1829 et
844 1787 887 1828 tua
909 1786 946 1829 est

62 1847 120 1895 tatis
138 1853 202 1894 tuae:
218 1860 291 1894 mons
310 1845 378 1904 Sion,
398 1846 424 1892 in
440 1860 490 1909 quo
519 1861 584 1893 nox:
600 1851 629 1894 tu
644 1845 775 1893 fabricatus
791 1861 817 1894 es
834 1860 946 1893 auroram

62 1909 182 1959 habitasti
193 1910 219 1957 in
228 1925 265 1958 eo.
521 1916 546 1957 et
557 1908 641 1958 solem.

95 1975 165 2024 Leva
182 1988 269 2022 manus
289 1980 343 2022 tuas
362 1973 388 2021 in
407 1988 490 2036 super·
554 1974 594 2021 Tu
617 1973 696 2022 iecisti
723 1989 808 2022 omnes
830 1974 947 2023 terminos

63 2041 117 2088 bias
136 2053 222 2087 eorum
239 2039 266 2086 in
287 2037 377 2086 finem:
400 2046 492 2101 quanta
522 2045 607 2086 terrae:
623 2045 734 2087 aestatem
751 2047 775 2086 et
791 2054 834 2086 ver
845 2048 872 2086 tu
883 2039 947 2102 plas-

64 2103 213 2166 malignatus
249 2109 285 2150 est
318 2102 432 2158 inimicus
465 2102 492 2150 in
523 2103 596 2151 masti
607 2118 643 2151 ea

64 2175 158 2216 sancto.
555 2167 654 2215 Memor
670 2174 722 2216 esto
736 2167 816 2231 hujus,
835 2166 949 2216 inimicus

96 2233 131 2280 Et
147 2231 245 2295 gloriati
261 2238 318 2280 sunt
335 2230 377 2294 qui
389 2230 493 2278 oderunt
523 2231 699 2306 improperavit
715 2231 843 2281 Domino:
864 2238 889 2279 et
905 2247 949 2294 po·
1021 2263 1023 2266 >

64 2307 105 2346 te:
122 2296 148 2344 in
160 2295 242 2344 medio
254 2295 416 2344 solemnitatis
428 2303 483 2343 tuae.
523 2296 596 2359 pulus
606 2296 723 2360 insipiens
730 2296 840 2344 incitavit
849 2297 875 2344 N
877 2311 950 2344 omen

98 2362 236 2409 Posuemnt
253 2361 322 2422 signa
338 2375 389 2418 sua,
409 2359 493 2422 signa:
525 2368 601 2408 tuum.

65 2432 91 2474 et
113 2440 164 2473 non
186 2431 354 2488 cognoverunt
380 2423 443 2472 sieut
468 2424 494 2471 in
558 2424 599 2473 Ne
610 2424 884 2474 tradasbestiisanimas
893 2440 950 2473 con-

66 2489 135 2539 exitu
145 2503 217 2552 super
231 2504 360 2538 summum.
524 2487 621 2537 fitentes
643 2490 704 2538 tibi:
732 2497 757 2538 et
779 2489 873 2538 animas
891 2504 951 2551 pau·

100 2553 179 2616 Quasi
193 2552 221 2600 in
237 2554 306 2616 sylva
321 2552 444 2616 lignomm
458 2567 494 2600 se·
525 2568 612 2615 perum
631 2559 730 2603 tuorum
748 2570 780 2603 ne
800 2554 952 2603 obliviscaris

67 2617 166 2667 curibus
182 2618 324 2665 excidemnt
337 2618 426 2680 januas
443 2617 495 2680 ejus
526 2618 552 2665 in
564 2617 646 2666 finem.

68 2685 95 2732 in
111 2681 233 2745 idipsum:
251 2682 276 2729 in
293 2682 371 2731 securi
388 2689 412 2730 et
430 2681 496 2729 ascia
551 2679 677 2746 'Respice
719 2683 746 2730 in
780 2688 953 2730 testamentum

68 2745 282 2810 dejecemnteam.
526 2752 617 2795 tuum:
645 2746 704 2810 quia
724 2745 811 2810 repleti
833 2753 889 2794 sunt
911 2745 954 2808 qui

102 2811 268 2860 Incenderunt
300 2811 351 2873 igni
383 2816 495 2858 sanctua·
527 2811 651 2858 obscurati
672 2816 729 2858 sunt
751 2817 822 2859 terrae
839 2809 954 2858 domibus

69 2877 134 2924 rium
157 2883 227 2924 tuum
249 2875 275 2923 in
296 2882 374 2923 terra:
402 2874 496 2938 pollue·
529 2874 693 2937 iniquitatum.

70 2947 127 2989 mut
135 2938 350 2988 tabemaculumN
352 2939 442 2987 ominis
450 2938 493 2986 tui.
562 2938 603 2986 Ne
620 2944 743 2986 avertatur
760 2937 860 2987 humilis
877 2937 955 2986 iactus

104 3004 226 3052 Dixerunt
241 3003 268 3050 in
287 3004 361 3051 corde
380 3018 424 3051 suo
441 3017 497 3065 cog·
530 3002 658 3050 confusus:
674 3017 768 3066 pauper
779 3013 803 3050 et
815 3003 886 3067 inops
902 3003 953 3052 lau·

71 3069 140 3118 natio
155 3082 240 3180 gemm
257 3067 344 3116 simul:
367 3067 499 3131 Quiescere
529 3066 624 3129 dabunt
635 3067 735 3115 Nomen
746 3074 823 3116 tuum.

139 3143 186 3186 23
