2040 3458
400 147 472 205 faia
490 146 592 205 &natta
609 151 664 205 ante
680 147 791 217 {turba

154 307 209 342 aum
242 289 422 343 interficerentz
460 290 581 341 timebant
611 290 692 341 donec
702 306 806 355 regnum
816 290 867 341 Dei
877 291 968 342 veniat

154 373 214 407 vero
230 358 336 433 plebem.
375 356 481 432 Intravit
498 363 581 406 autem
611 362 715 432 accepto
736 371 802 421 pane
822 356 915 432 gratias
936 355 993 431 egit,
1016 387 1020 395 .

154 421 259 472 Satanas
276 438 302 471 in
333 420 417 480 udam,
433 436 476 485 qur
490 436 580 484 cogno·
610 419 691 484 fregit,
720 428 746 470 et
772 420 842 470 dedit
868 436 912 481 ers,
939 421 1020 470 adra„

153 487 294 535 minabatur
310 421 447 544 dscariotes,
460 500 537 533 unum
548 485 581 534 de
611 484 672 535 Hoc
692 491 730 535 est
748 500 838 548 eorpus
857 500 948 546 meum,
970 500 1013 549 qu·

153 550 300 610 duodecim
317 557 342 598 et
358 549 428 608 abiit,
442 556 467 598 et
482 549 579 599 locutus
609 565 655 613 pro
666 549 738 599 vobis
753 549 840 600 datur:
856 549 907 599 hoc
922 549 995 599 facite
1011 551 1016 562 “

153 621 190 664 est
212 630 268 663 cum
290 613 443 678 principibus
466 614 579 663 sacerdo·
609 629 691 662 meam
700 614 967 663 commemorationem.
998 613 1015 664 S

153 685 214 737 tum,
225 686 250 728 et
261 678 450 742 magistratibus,
462 679 579 742 quemad·
609 678 701 727 militer
724 686 749 727 et
770 678 880 736 calicem,
905 684 1019 743 postq·¹

152 743 256 792 modum
266 742 336 791 illum
347 743 454 792 traderet
467 743 508 792 eis.
545 743 580 792 Et
610 742 725 803 coenavit,
738 742 837 792 dicens:
855 742 909 791 Hic
925 749 962 792 eat
979 741 1017 782 ν’

152 807 230 870 gavisi
241 813 306 865 sunt,
320 813 345 856 et
359 807 427 872 pacti
437 814 494 856 sunt
505 822 579 870 pecu-
609 822 702 856 novum
729 813 905 856 testamentum
931 806 958 855 in
985 829 1017 848 -ιι

152 872 220 920 niam
235 871 272 920 illi
288 872 354 921 dare.
391 871 424 920 Et
435 871 577 935 spopondit.
608 871 683 934 guine
699 886 764 929 meo,
777 870 821 936 qui
837 886 883 935 pro
895 871 968 920 vobis
1014 894 1017 912 ·

153 936 187 984 Et
197 937 322 1000 quaerebat
331 936 540 1011 opportunitatem
552 942 579 984 ut
608 935 686 985 detur.
722 935 902 985 Verumtamen
918 950 976 984 ecce
992 958 1016 977 ιιι

151 999 258 1050 traderet
269 1000 340 1049 illum
350 1015 403 1049 srne
414 999 498 1050 turbis.
529 1000 579 1048 Ve·
608 1015 655 1049 nus
674 999 793 1049 tradentis
812 1015 860 1059 me,
882 1014 981 1048 mecum
1004 1021 1020 1040 a

152 1064 189 1113 nit
209 1072 291 1113 autem
310 1064 363 1114 dies
382 1079 531 1128 azymomm,
553 1065 579 1113 in
608 1064 634 1113 in
654 1079 745 1114 mensa„
782 1064 816 1113 Et
837 1062 939 1128 quidem
960 1062 1007 1112 Fili

151 1144 202 1241 {ua
212 1144 311 1178 necesse
322 1136 373 1178 erat
384 1129 465 1178 occidi
475 1128 574 1193 pascha
609 1128 735 1187 Hominis,
755 1129 891 1177 secundum
906 1127 975 1192 quod
993 1128 1020 1176 da

176 1200 186 1241 t
203 1193 270 1242 misit
287 1193 388 1242 Petrum
404 1200 430 1242 et
445 1193 576 1257 Joanuem,
608 1192 705 1242 finitum
714 1199 758 1253 est,
767 1193 850 1242 vadit:
867 1199 1011 1241 verumtam

151 1257 250 1308 dicens:
281 1258 375 1307 Euntes
400 1264 486 1322 parate
506 1257 579 1307 nobis
607 1257 751 1306 voehomini
761 1256 799 1305 illi
809 1271 940 1321 perquem
956 1256 1020 1305 trad-

152 1322 250 1397 pascha,
272 1329 300 1371 ut
316 1321 500 1371 manducemus.
542 1323 579 1371 At
607 1329 652 1370 tur.
684 1322 718 1371 Et
728 1320 777 1386 ipsi
788 1328 917 1385 coepemnt
927 1336 1018 1385 quaeret

150 1385 187 1433 illi
196 1386 323 1435 dixerunt:
342 1386 393 1436 Ubi
399 1386 437 1435 via
447 1388 579 1462 paremus?
606 1386 720 1445 interae,
739 1385 794 1450 quis
812 1392 876 1435 esset
893 1401 925 1434 ex
941 1385 976 1434 eis
991 1401 1007 1449 q

152 1450 576 1500 Etdixitadeos:Ecce1ntroeun·
606 1450 656 1499 hoc
670 1451 778 1500 facturus
794 1456 864 1499 esset
903 1450 980 1499 Facta

150 1514 217 1563 tibus
237 1514 308 1564 vobis
330 1515 356 1563 in
379 1515 511 1573 civitatem,
535 1530 576 1564 oc·
607 1522 691 1563 autem
709 1522 733 1564 et
753 1514 879 1564 contentio
898 1514 963 1564 inter
986 1536 1020 1555 -ιι

151 1585 230 1628 curret
241 1579 312 1628 vobis
322 1578 398 1628 homo
410 1578 512 1643 quidam
525 1595 576 1627 am·
606 1579 662 1643 quis
677 1594 762 1629 eorum
772 1579 897 1627 videretur
913 1594 967 1628 esse
988 1601 1014 1620 ιιι

151 1643 255 1706 phomm
272 1659 343 1718 aquae
358 1651 474 1707 portans:
496 1643 576 1707 sequi·
604 1643 651 1707 jor.
693 1643 763 1692 Dixit
780 1650 863 1692 autem
880 1643 928 1693 eis:
953 1643 1020 1706 Reg

151 1708 212 1756 mini
224 1723 280 1756 eum
297 1724 323 1756 m
339 1708 442 1756 domum
459 1707 485 1756 in
502 1723 576 1772 quam
606 1707 717 1772 gentium
744 1708 905 1756 dominantur
932 1723 1015 1756 eorum

150 1771 231 1831 intrat,
254 1779 279 1821 et
298 1772 385 1821 dicetis
406 1771 576 1848 patrifamilias
606 1780 630 1821 et
641 1773 684 1836 qui
695 1779 844 1835 potestatem
854 1772 949 1821 habent
962 1787 1020 1835 sup

150 1836 252 1886 domus:
281 1837 350 1885 Dicit
372 1836 419 1885 tibi
442 1837 575 1900 Magister:
607 1853 656 1897 eos,
681 1836 786 1886 benefici
808 1843 938 1885 vocantur.
981 1836 1019 1884 Vc

154 1900 202 1950 Ubi
211 1907 247 1950 est
255 1900 424 1959 diversorium,
433 1900 476 1949 ubi
473 1901 577 2013 dpaseha
607 1908 690 1950 autem
700 1916 752 1950 non
768 1901 818 1950 sic:
834 1901 879 1949 sed
895 1901 939 1965 qui
956 1901 1016 1962 majc

149 1979 206 2012 cum
215 1965 340 2029 discipulis
347 1965 408 2014 meis
414 1980 472 2013 man
491 1967 578 2014 ucem?
607 1966 687 2014 estin
702 1966 781 2026 vobis,
799 1964 841 2013 fiat
858 1964 921 2014 sicut
938 1965 1012 2012 minor

149 2029 183 2077 Et
194 2029 247 2093 ipse
258 2029 371 2078 ostendet
381 2030 452 2078 vobis
464 2044 576 2078 coenacu·
606 2030 685 2094 etqui
701 2045 834 2094 praecessor
849 2035 895 2088 est,
909 2029 973 2078 sicut
988 2045 1008 2076 11

148 2092 201 2141 lum
222 2108 340 2157 magnum
362 2101 472 2154 stratum,
494 2100 519 2143 et
540 2093 576 2143 ibi
606 2095 727 2143 nistrator.
754 2095 822 2142 Nam
833 2093 888 2157 quis
897 2094 1004 2157 majore

149 2164 240 2221 parate.
284 2158 378 2207 Euntes
395 2165 485 2218 autem,
508 2159 575 2207 inve·
606 2162 649 2223 qui
659 2159 787 2217 recumbit,
799 2174 831 2206 an
840 2158 883 2221 qui
895 2159 1000 2207 ministra

148 2229 237 2270 nerunt
268 2222 332 2271 sicut
364 2222 426 2271 dixit
458 2223 514 2282 illis,
550 2230 575 2272 et
606 2239 689 2272 nonne
700 2224 743 2286 qui
754 2223 895 2272 recumbit?
925 2223 995 2286 Ego:

147 2293 295 2349 paraverunt
316 2287 417 2350 pascha.
462 2287 496 2336 Et
518 2302 574 2336 cum
606 2294 657 2356 tem
683 2288 710 2336 in
737 2288 821 2336 medio
840 2295 950 2336 vestrum
968 2302 991 2335 st

147 2350 213 2398 sacta
229 2358 293 2400 esset
308 2351 377 2410 hora,
397 2351 527 2411 discubuit,
549 2359 575 2400 et
605 2355 668 2401 sicut
679 2352 859 2416 quiministrat.
886 2351 940 2400 Vos
951 2359 987 2399 aut

147 2414 279 2463 duodecim
293 2414 399 2479 apostoli
416 2430 473 2464 cum
489 2431 534 2477 eo;
551 2424 576 2465 et
605 2416 670 2476 estis,
690 2417 733 2480 qui
750 2416 919 2480 permansistis
936 2432 983 2464 me«

147 2482 182 2527 ait
201 2479 264 2528 illis:
287 2480 418 2529 Desiderio
437 2480 574 2529 desideravi
605 2481 631 2529 in
642 2481 820 2530 tentationibus
836 2481 905 2529 meis.
943 2481 976 2528 Et

146 2543 196 2592 hoc
213 2544 306 2607 pascha
324 2546 473 2594 manducare
492 2545 573 2593 vobis·
605 2546 711 2609 dispono
730 2546 808 2604 vobis,
829 2548 892 2593 sicut
912 2545 974 2608 disp<

147 2623 211 2667 cum,
231 2615 362 2672 antequam
385 2608 471 2672 patiar.
508 2609 574 2658 Dico
604 2610 666 2658 mihi
689 2608 853 2658 Pater'meus
880 2625 970 2672 regnur

146 2673 213 2721 enim
230 2673 308 2734 vobis,
346 2673 387 2721 uia
406 2689 436 2722 ex
455 2673 504 2722 hoc
522 2689 573 2722 non
604 2674 682 2723 edatis
699 2682 722 2723 et
736 2674 826 2723 bibatis
837 2689 911 2737 super
922 2690 966 2722 me¹

146 2738 302 2786 manducabo
328 2689 399 2797 iilud,
425 2738 505 2787 donec
527 2738 572 2785 im·
603 2754 685 2787 meam
707 2739 733 2787 in
760 2754 837 2802 regno
859 2754 932 2787 meo:

146 2801 243 2865 pleatur
258 2802 285 2850 in
301 2817 377 2866 regno
394 2802 450 2852 Dei.
488 2803 521 2850 Et
532 2818 572 2850 ac·
604 2804 681 2852 deatis
694 2818 767 2867 super
778 2803 880 2851 thronos
894 2803 958 2865 judi(

147 2873 220 2929 cepto
244 2867 320 2915 calice
346 2866 437 2929 gratias
465 2867 522 2929 egit,
548 2874 572 2915 et
604 2868 737 2916 duodecim
758 2868 836 2916 tribus
859 2867 944 2916 Israel.

145 2929 221 2979 dixit:
239 2930 361 2994 Accipite,
376 2938 400 2980 et
416 2931 519 2979 dividite
535 2931 572 2979 in·
604 2939 688 2980 autem
707 2933 847 2980 Dominus:
873 2932 949 2981 Simo}

146 3009 251 3043 tervos:
268 2994 325 3044 dico
342 2995 489 3044 enimvobis
504 2996 572 3059 quod
602 3012 670 3056 mon,
700 3012 757 3045 ecce
786 2996 892 3045 Satanas
914 3012 944 3044 ex

145 3072 196 3106 non
206 3058 292 3106 bibam
300 3059 332 3108 de
339 3059 568 3123 generationevitis,
603 3076 654 3115 vos.
678 3067 707 3110 ut
731 3059 848 3109 cribraret
879 3060 941 3110 sicut

205 3119 240 3170 68
