2092 3450
39 159 47 182 Ι

209 145 340 203 buminica
356 149 478 208 Hirmima
496 155 583 210 britia
600 160 658 223 pust
677 159 832 218 briaitarum.

80 314 145 365 facta
166 314 269 364 fuerant.
316 313 387 361 Tunc
408 311 507 361 vocavit
538 311 614 360 iratres
640 309 756 360 dominus
785 310 838 375 ejus
865 312 966 361 tradidit

80 381 150 429 illum
161 379 276 428 dominus
291 393 356 437 suus,
371 384 396 426 et
410 377 444 425 ait
455 377 506 425 illi:
539 391 596 424 eum
629 375 770 436 tortoribus,
806 377 966 441 quoadusque

81 445 157 494 Serve
173 459 287 507 nequam,
306 457 380 491 omne
394 441 506 490 debitum
538 441 650 489 redderet
676 439 817 489 universum
843 441 966 492 debitum.

81 508 164 558 dimisi
185 507 239 568 tibi,
269 506 387 570 quoniam
414 505 506 569 rogasti
539 504 582 554 Sic
609 511 633 552 et
656 504 730 552 Pater
761 519 831 553 meus
860 505 966 554 coelestis

80 589 135 623 me:
151 587 235 621 nonne
246 586 304 633 ergo
316 569 425 634 oportuit
441 577 466 618 et
482 575 507 617 te
538 568 611 617 saciet
628 568 708 626 vobis,
722 567 743 617 si
759 583 810 617 non
826 570 966 619 remiseritis

80 636 189 686 misereri
205 634 316 684 conservi
334 634 378 693 tui,
398 634 461 683 sicut
482 641 507 683 et
538 632 705 697 unusquisque
718 632 788 682 fratri
804 648 849 682 suo
866 634 966 683 decor·

80 717 127 764 ego
155 700 191 750 tui
217 699 331 748 misertus
357 700 431 748 sum?
473 698 507 746 Et
539 696 611 746 dibus
622 697 715 746 vestris.

209 833 340 892 brutinus
355 832 477 889 Hicesius
492 831 578 888 batia
592 835 651 901 aust
667 831 823 888 damiatem.

241 946 342 1002 &tatia
538 946 613 996 etiam
651 948 730 1013 possit
764 949 887 1013 subjicere
922 949 966 999 sibi

150 1038 229 1100 EUS,
254 1029 376 1103 re'fugium
396 1046 509 1088 nostrum
539 1028 630 1062 ⁰m¹¹¹²

178 1105 298 1164 etvirtus;
309 1103 405 1153 Adesto
414 1104 461 1168 piis
470 1119 508 1152 ec·
655 1121 827 1192 &angelium

82 1167 162 1217 clesiae
173 1175 222 1217 tuae
229 1168 350 1233 precibus,
362 1176 447 1218 auctor
455 1168 509 1232 ipse

81 1233 180 1345 pietatis
187 1249 195 1292 ;
219 1240 244 1281 et
265 1240 362 1296 praesta,
386 1239 415 1281 ut
441 1232 509 1296 quod
637 1246 816 1296 &Mamm
830 1257 867 1311 15,

98 1297 186 1345 deliter
194 1297 307 1360 petimus,
316 1296 509 1346 efficacitercon·
757 1310 771 1343 a
919 1337 925 1349 ,
962 1337 966 1349 ,

606 1334 681 1385 UNC
709 1336 827 1386 abeuntes
850 1338 966 1387 Pharrsaei

81 1376 218 1425 sequamur·
242 1360 509 1425 pefJesumChn‘stum
628 1400 759 1449 consilium
768 1401 883 1462 inierunt,
894 1410 923 1452 ut
930 1418 966 1450 0²·

83 1425 219 1474 Dominum
230 1433 347 1474 nostrum
384 1428 473 1475 Amen.
555 1453 559 1459 ·
729 1465 734 1476 .

539 1471 627 1528 perent
649 1480 705 1513 eum
727 1480 753 1513 m
775 1480 896 1516 sermone
938 1467 966 1516 Et

236 1531 360 1598 fflpigtflla,
539 1528 640 1577 mittunt
652 1529 675 1577 ei
686 1529 821 1593 discipulos
837 1546 896 1579 suos
913 1546 966 1582 cum

267 1634 291 1644 ,,
541 1591 699 1653 Herodianis,
718 1594 843 1643 dicentest
876 1595 966 1658 Magis·

172 1633 215 1682 ¹¹¹¹
228 1634 317 1698 Ph¹¹¹P·
330 1651 363 1684 ¹¹¹·
377 1645 413 1696 Ι7·
540 1663 584 1717 ter,
609 1657 699 1706 scimus
720 1658 779 1721 quia
798 1674 873 1707 verax
891 1675 925 1719 es,
946 1669 966 1708 ei

85 1722 333 1844 IMITATORES
356 1723 406 1771 mei
431 1730 509 1772 estote
539 1721 606 1769 viam
617 1722 666 1769 Dei
682 1722 707 1769 in
723 1722 826 1771 veritate
843 1723 927 1783 doces,
947 1732 966 1772 ei

154 1787 247 1847 fratres,
268 1794 293 1835 et
317 1788 445 1836 observate
467 1803 509 1836 eos
539 1800 590 1833 non
612 1793 648 1834 est
670 1786 715 1835 tibi
737 1802 795 1835 cura
817 1787 849 1835 de
872 1788 966 1852 aliquoz

81 1850 124 1913 qui
141 1851 176 1899 ita
192 1850 327 1912 ambulant,
341 1851 509 1901 sicuthabetis
539 1865 591 1899 non
616 1850 682 1898 enim
709 1851 810 1918 respicis
836 1867 966 1915 personam

82 1915 186 1963 formam
198 1922 316 1964 nostram.
356 1916 432 1965 Multi
443 1917 509 1964 enim
539 1913 683 1962 hominume
706 1914 746 1962 dic
758 1931 817 1978 ergo
828 1916 901 1965 nobis
911 1917 966 1980 quid

82 1979 216 2038 ambulant,
235 1995 296 2043 quos
315 1995 380 2044 saepe
396 1981 509 2029 dicebam
540 1977 586 2026 tibi
597 1978 707 2038 videtur3
723 1979 781 2027 licet
798 1995 899 2028 censum
911 1982 966 2029 dare

83 2044 153 2092 vobis
182 2045 255 2102 (nunc
283 2052 366 2092 autem
396 2051 421 2093 et
448 2044 509 2093 flens
541 2042 640 2101 Caesari,
654 2045 768 2092 annon?
802 2044 912 2108 Cognita
928 2060 966 2094 au·

83 2107 149 2167 dico)
168 2108 281 2157 inimicos
300 2108 378 2157 crucis
401 2108 509 2158 Christi:
540 2115 590 2155 tem
600 2107 672 2170 Jesus
688 2107 800 2171 nequitia
817 2125 904 2157 eorum
921 2110 966 2158 ait:

99 2187 187 2220 uorum
198 2172 253 2220 finis
264 2172 386 2233 interitus;
404 2188 509 2237 quorum
541 2171 609 2232 Quid
628 2186 669 2220 me
686 2172 794 2232 tentatis,
815 2172 966 2237 hypocritae?

82 2187 142 2284 deus
164 2244 249 2284 venter
270 2244 314 2295 est,
339 2244 364 2286 et
380 2237 460 2300 gloria
482 2236 508 2284 in
540 2235 662 2284 ostendite
682 2236 744 2284 mihi
766 2237 893 2286 numisma
914 2254 966 2287 cen·

82 2299 225 2349 confusione
236 2301 352 2364 ipsorum,
363 2302 405 2365 qui
415 2309 510 2350 terrena
539 2315 587 2348 sus.
618 2301 655 2348 At
674 2299 710 2347 illi
725 2300 869 2351 obtulerunt
887 2303 911 2351 ei
927 2303 966 2351 de·

83 2365 187 2428 sapiunt.
210 2365 304 2414 Nostra
315 2373 397 2414 autem
409 2381 509 2414 conver·
539 2363 642 2414 narium.
690 2365 723 2413 Et
745 2365 780 2413 ait
807 2365 858 2415 illis
883 2368 966 2431 Jesus:

82 2429 145 2477 satio
157 2428 183 2476 in
200 2430 269 2478 coelis
286 2437 337 2478 est:
353 2430 419 2479 unde
434 2430 509 2479 etiam
541 2427 617 2490 Cujus
628 2435 665 2477 est
676 2428 759 2492 imago
772 2429 827 2479 haec
844 2438 869 2479 et
887 2447 966 2495 super·

83 2492 237 2542 salvatorem
260 2501 436 2557 exspectamus,
456 2495 509 2543 Do·
540 2493 658 2556 scriptio?
691 2493 785 2542 Dicunt
796 2494 834 2542 ei:
853 2495 962 2545 Caesaris

82 2557 177 2605 minum
194 2565 305 2607 nostrum
322 2558 408 2622 Jesum
426 2559 509 2607 Chris·
540 2556 612 2604 Tunc
633 2557 668 2605 ait
690 2556 754 2606 illis:
783 2559 893 2609 Reddite
911 2574 966 2623 ergo

82 2628 142 2682 tum,
173 2622 215 2686 qui
247 2622 389 2670 reformabit
414 2635 510 2687 corpus
540 2636 595 2684 quae
612 2627 669 2669 sunt
686 2621 798 2682 Caesaris,
819 2623 928 2685 Caesari;
943 2633 966 2671 et

81 2686 226 2735 humilitatis
251 2694 348 2746 nostrae,
374 2687 509 2751 configura·
540 2693 663 2749 quaesunt
680 2685 737 2745 Dei,
752 2686 816 2735 Deo.
854 2689 889 2737 Et
900 2689 965 2737 audi·

82 2759 135 2798 tum
169 2751 266 2814 corpori
299 2751 415 2801 claritatis
448 2767 506 2810 suae,
539 2756 608 2798 entes
618 2750 701 2798 mirati
715 2757 779 2811 sunt,
794 2757 819 2799 et
835 2752 923 2804 relicto
938 2768 964 2802 eo

82 2815 216 2863 secundum
249 2816 425 2879 operationem,
460 2832 510 2880 qua
540 2813 659 2864 abierunt
