2092 3450
197 620 463 740 fiaultrrinru
506 621 765 704 urrunnun.

82 946 153 995 D¹E⁵
166 947 186 996 Ῑ·
223 943 438 1006 minamini&
547 963 706 1040 'Adstitemnt
727 978 796 1026 reges
818 968 896 1039 terrae,
919 968 943 1012 et

192 1067 320 1118 Psuuvs
332 1069 352 1118 1·
498 1034 944 1151 ‘ntunsszintinitntb

115 1156 235 1208 EATUS
246 1158 291 1218 vir,
305 1157 347 1222 qui
358 1172 409 1206 non
425 1157 485 1206 abiit
518 1157 643 1206 Christum
654 1157 713 1220 ejus.

147 1221 174 1270 in
187 1222 290 1271 consilio
306 1222 446 1286 impiorum,
461 1228 486 1271 et
549 1221 726 1284 Dirumpamus
734 1220 833 1268 vincula
842 1235 944 1269 eorum:

56 1286 82 1334 in
99 1286 141 1334 via
157 1294 314 1349 peccatorum
330 1302 381 1334 non
397 1287 485 1335 stetit:
516 1291 542 1334 et
560 1285 717 1349 projiciamus
734 1300 750 1332 a
765 1285 837 1333 nobis
856 1284 944 1348 jugum

56 1358 81 1398 et
97 1350 125 1398 in
141 1350 258 1398 cathedra
273 1350 418 1415 pestilentiae
434 1366 485 1400 non
516 1349 632 1413 ipsorum.

55 1413 134 1464 sedit:
549 1413 599 1475 Qui
610 1413 705 1462 habitat
716 1413 742 1460 in
754 1411 823 1461 coelis
834 1412 944 1461 irridebit

89 1478 142 1528 Sed
153 1478 179 1526 in
192 1477 247 1542 lege
258 1477 361 1528 Domini
372 1478 485 1528 voluntas
515 1492 558 1526 eos
577 1496 584 1527 ε
602 1485 626 1526 et
643 1477 766 1526 Dominus
784 1477 944 1526 subsannabit

55 1541 110 1604 ejus
130 1559 136 1592 :
154 1549 178 1591 et
194 1543 220 1591 in
236 1543 291 1606 lege
307 1543 360 1606 ejus
381 1543 484 1592 medita·
515 1557 564 1591 eos.

54 1607 124 1655 bitur
134 1606 175 1655 die
186 1617 304 1656 acnocte.
547 1607 619 1655 Tunc
634 1606 660 1655 lo
678 1612 749 1654 uetur
759 1604 792 1653 ad
807 1621 849 1653 eos
865 1605 892 1652 in
908 1605 942 1652 ira

89 1671 124 1719 Et
153 1671 199 1720 erit
229 1679 347 1736 tanquam
378 1670 480 1735 lignum,
515 1685 559 1718 sua
573 1622 801 1719 :etinimoresuo
814 1670 943 1717 conturba-

54 1735 125 1798 quod
141 1735 280 1799 plantatum
297 1742 334 1785 est
356 1751 425 1784 secus
441 1737 483 1784 de·
514 1734 552 1782 bit
563 1749 612 1783 eos.

55 1815 141 1848 cursus
163 1815 281 1863 aquarum
301 1818 307 1848 ε
327 1800 483 1864 quod.sruc·
548 1799 603 1862 Ego
622 1806 705 1847 autem
722 1798 868 1846 constitutus
889 1812 943 1845 sum

54 1870 109 1913 tum
137 1879 209 1912 suum
234 1864 303 1913 dabit
325 1865 352 1912 in
373 1870 484 1928 tempore
515 1862 570 1911 Rex
584 1863 617 1911 ab
629 1878 658 1911 eo
670 1878 743 1926 super
754 1861 816 1912 Sion
832 1869 943 1910 montem

54 1942 116 1976 suo:
514 1933 627 1975 sanctum
643 1926 695 1990 ejus
710 1927 865 1990 :praedicans
881 1941 942 1990 prae·

88 1992 123 2040 Et
133 1991 221 2041 folium
237 1991 288 2056 ejus
304 2008 355 2042 non
371 1992 462 2042 defluet
478 2010 484 2042 ε
515 1999 614 2054 ceptum
625 1991 684 2054 ejus.

55 2062 81 2104 et
108 2058 193 2105 omnia
219 2072 383 2122 quaecumque
410 2057 483 2106 faciet
547 2055 671 2104 Dominus
681 2055 787 2104 dixitad
802 2070 850 2112 me,
865 2054 943 2102 Filius

54 2122 270 2184 prosperabuntur.
515 2134 584 2168 meus
595 2135 621 2168 es
632 2127 659 2168 tu
670 2135 732 2183 :ego
739 2119 815 2168 hodie
822 2119 896 2181 genui
908 2125 938 2166 te.

88 2183 149 2233 Non
165 2186 200 2234 sic
216 2185 293 2248 impii,
307 2201 359 2234 non
372 2185 408 2235 sic
422 2185 484 2235 :sed
547 2183 649 2232 Postula
668 2200 683 2231 a
702 2199 750 2243 me,
770 2191 794 2232 et
814 2183 880 2231 dabo
897 2183 943 2230 tibi

54 2256 174 2312 tanquam
191 2250 271 2313 pulvis
290 2265 365 2314 quem
384 2250 483 2314 projicit
513 2254 599 2311 gentes
618 2248 788 2296 haereditatem
806 2254 874 2295 tuam
895 2258 938 2295 :et

54 2313 242 2362 ventusafacie
253 2321 330 2363 terrae.
514 2311 694 2375 possessionem
724 2320 792 2361 tuam
826 2313 942 2360 terminos

86 2377 150 2426 Ideo
161 2393 212 2426 non
227 2385 353 2441 resurgent
370 2378 440 2442 impii
456 2379 483 2427 in
514 2382 590 2426 terrae.

51 2440 147 2504 judicio
167 2459 174 2490 ε
195 2457 275 2506 neque
296 2450 437 2506 peccatores
455 2444 483 2492 in
547 2440 628 2504 Reges
639 2455 682 2489 eos
692 2439 719 2488 in
729 2441 799 2503 virga
809 2439 888 2489 ferrea
899 2457 906 2488 t
917 2447 941 2488 et

54 2505 158 2554 consilio
167 2505 295 2568 justorum.
513 2511 632 2569 tanquam
647 2520 691 2554 vas
713 2504 783 2568 figuli
804 2503 942 2566 confringes

85 2569 483 2631 QuoniamnovitDominusviam
513 2584 562 2618 eos

50 2633 174 2696 justorum
196 2652 203 2684 z
225 2643 250 2684 et
276 2635 323 2684 iter
349 2636 482 2700 impiorum
546 2633 579 2682 Et
602 2648 668 2682 nunc
690 2648 760 2697 reges
785 2631 915 2693 intelligite
935 2649 941 2680 τ

52 2698 151 2761 peribit
512 2698 644 2773 erudimini
655 2698 698 2762 qui
706 2697 822 2772 judicatis
833 2703 930 2770 terram.

178 2797 392 2850 rmum
512 2762 940 2875 ΜΜΜΜ

120 2887 222 2939 UARE
247 2888 398 2940 fremuerunt
420 2905 479 2954 gen·
544 2888 732 2954 Apprehendite
773 2887 938 2952 disciplinam,

151 2960 189 3002 tes
203 2959 247 3003 :et
261 2954 349 3017 populi
364 2955 478 3004 meditati
510 2953 642 3018 nequando
659 2954 777 3002 irascatur
793 2953 940 3003 Dominus:

156 3023 213 3068 sunt
222 3016 327 3069 inania?
509 3025 534 3067 et
545 3017 650 3083 pereatis
661 3017 693 3067 de
703 3017 746 3068 via
755 3017 831 3084 iusta.

117 3092 165 3140 215
