2092 3450
417 191 596 250 domninam.

62 328 184 389 ricordes,
204 328 491 391 scortatorenadulteri,
525 328 587 379 sicut
604 328 677 379 dolor
697 329 724 379 in
745 336 815 379 utero
836 329 945 391 habenti,

64 394 142 453 avari,
177 393 323 454 idololatrae,
360 394 494 444 calumnia·
525 403 550 443 et
560 410 613 443 nou
623 394 745 458 effugient.
778 395 850 443 Tunc
860 410 948 459 appar·

63 467 140 519 tores,
155 458 253 518 ebriosi,
266 465 384 523 raptores.
525 459 576 507 ebit
592 458 629 507 ira
645 459 688 508 illa
702 459 750 508 Dei
761 459 788 508 in
803 459 845 508 die
855 460 948 509 vindic-

97 528 174 591 Resp.
195 525 285 572 Amen.
524 529 564 582 tae,
584 539 659 587 quam
675 530 816 588 peccatores
833 525 949 573 obstinati

524 588 659 636 secundum
686 588 802 636 duritiam
829 603 899 637 suam
924 595 949 638 et

524 650 682 714 impoenitens
706 667 749 701 cor
775 653 823 701 sibi
851 653 948 701 thesau-

524 716 660 764 rizaverunt
669 734 677 776 ;
697 717 740 781 qui
758 717 950 766 contemnebant

140 781 184 832 OS
196 780 277 844 igitur,
289 796 354 841 cum,
368 786 430 829 teste
442 781 493 829 Da·
524 780 662 829 bonitatem
673 787 697 829 et
705 781 850 844 patientiam
859 788 883 830 et
894 781 948 830 lon·

170 846 215 894 vid
224 845 356 910 Propheta,
367 845 493 894 maledicti
523 845 693 907 ganimitatem
713 846 762 894 Dei
784 845 809 893 in
827 846 948 909 poeniten-

64 912 114 960 sint
143 926 238 968 omnes,
262 909 306 974 qui
328 909 452 958 declinant
477 926 491 958 a
524 909 584 956 tiam
593 908 684 972 jugiter
694 925 720 958 se
728 910 845 959 vocantis.
876 911 948 960 Tunc

64 975 191 1024 mandatis
210 974 267 1034 Dei,
290 975 445 1022 tremendum
464 973 492 1022 il·
523 972 675 1022 invocabunt
696 989 744 1033 me,
763 974 843 1038 inquit
860 974 947 1023 Domi·

64 1039 109 1088 lud
130 1039 250 1102 judicium
271 1038 344 1087 nobis
362 1039 493 1088 imminens
523 1052 577 1096 nus,
600 1044 625 1086 et
642 1052 693 1087 non
709 1039 856 1087 exaudiam:
875 1054 949 1088 mane

65 1111 92 1153 et
103 1118 231 1168 nunquam
246 1103 492 1152 noninstansrecor-
524 1109 678 1165 consurgent,
704 1108 729 1151 et
749 1118 802 1152 nou
823 1103 948 1152 invenient

64 1169 172 1228 demur;
194 1167 227 1215 ad
249 1167 387 1215 Dominum
409 1167 492 1216 Deum
523 1180 579 1214 me:
596 1168 700 1230 eoquod
709 1180 808 1216 exosam
817 1167 948 1216 habuerint

64 1240 179 1281 nostmm
205 1232 273 1280 omni
295 1232 375 1280 cordis
402 1232 491 1280 contii·
524 1230 947 1294 disciplinam,ettimoremDomini

64 1298 135 1345 tione
162 1304 188 1344 et
218 1295 356 1344 humilitate
386 1303 491 1345 reverta·
523 1310 574 1343 non
587 1296 744 1358 susceperint,
758 1311 804 1345 nec
820 1296 947 1359 acquieve·

64 1377 141 1421 mur;
167 1361 297 1425 praeteritae
322 1361 381 1409 vitae
407 1360 491 1424 culpas
524 1359 573 1407 rint
590 1360 693 1408 consilio
712 1375 776 1419 meo,
796 1367 821 1409 et
837 1361 948 1409 detraxe-

63 1425 208 1484 defleamus,
215 1431 316 1488 peccata
321 1424 488 1485 confiteamur,
524 1423 572 1471 rint
583 1424 702 1473 universae
716 1424 864 1488 correptioni
874 1440 944 1474 meae.

65 1497 91 1538 et
114 1490 206 1539 fruetus
228 1489 317 1552 dignos
338 1489 491 1552 poenitentiae
524 1488 948 1553 Tuncuimisseropulsabuntpost

64 1555 148 1603 facere
166 1554 313 1602 studeamus
347 1553 406 1617 Jam
425 1554 490 1602 enim
524 1551 632 1601 clausam
640 1551 750 1615 januam,
764 1560 789 1602 et
799 1553 825 1602 in
837 1560 948 1617 tempore

64 1618 157 1668 securis
181 1618 214 1666 ad
240 1618 349 1666 radicem
376 1619 491 1667 arborum
521 1616 608 1678 judicii
622 1617 815 1666 misericordiam
831 1618 946 1692 implora-

64 1682 149 1747 posita
166 1689 219 1731 est:
239 1685 319 1730 omnis
340 1696 399 1746 ergo
418 1683 492 1731 arbor
522 1681 591 1730 bunt.
629 1681 718 1730 Ovox
737 1682 851 1731 terribilis
865 1683 947 1744 Justis-

65 1763 122 1812 quae
135 1763 187 1796 non
201 1746 260 1795 facit
275 1747 370 1795 bonum
386 1746 491 1795 fructum
522 1745 578 1793 simi
592 1745 678 1808 judicii
690 1753 775 1795 contra
786 1762 828 1795 eos
839 1761 946 1810 pronun·

65 1811 200 1870 excidetur,
221 1811 290 1860 etin
306 1811 389 1874 ignem
410 1811 490 1860 mitte·
522 1809 609 1869 tiaudi,
624 1825 680 1859 cum
697 1810 732 1859 eis
745 1811 846 1871 dicetur,
861 1811 947 1859 Disce·

24 1917 31 1935 ,
65 1885 113 1925 tur.
152 1875 312 1924 Horrendum
331 1881 367 1924 est
384 1875 492 1924 incidere
523 1874 582 1933 dite,
597 1874 729 1935 maledicti,
743 1875 864 1937 inignem
878 1882 947 1923 aeter·

64 1942 92 1990 in
109 1955 198 1988 manus
212 1939 262 1988 Dei
272 1939 384 1988 viventis.
421 1939 493 1988 Pluet
523 1953 590 1998 num,
602 1938 645 2001 qui
654 1946 755 2012 paratus
763 1946 800 1988 est
811 1939 912 1988 diabolo
924 1947 948 1988 et

64 2020 141 2069 super
149 2010 290 2069 peccatores
298 2004 413 2067 laqueos3
429 2004 493 2067 ignis
523 2002 617 2065 angelis
639 2018 697 2065 ejus.
740 2004 827 2066 Igitur,
852 2004 945 2062 fratres,

64 2078 91 2119 et
108 2069 212 2133 sulphur
224 2077 248 2117 et
259 2069 358 2132 spiritus
374 2068 492 2132 procella·
523 2075 618 2116 mature
629 2068 783 2117 attendamus
794 2068 874 2128 nobis,
887 2069 947 2117 dum

64 2149 121 2183 rum
132 2149 190 2198 pars
201 2133 283 2182 mlicis
299 2148 392 2183 eorum.
427 2133 494 2182 Ecce
524 2130 576 2180 dies
598 2138 634 2180 est
660 2132 761 2182 salutis:
789 2133 857 2181 venit
880 2133 946 2181 enim

64 2199 135 2248 enim
158 2197 280 2246 Dominus
303 2198 440 2260 egredietur
461 2198 493 2246 de
523 2211 581 2254 nox,
594 2196 694 2260 quando
710 2212 784 2245 nemo
797 2204 878 2260 potest
889 2213 947 2260 ope-

64 2264 124 2312 loco
135 2277 188 2321 su0,
202 2269 230 2310 ut
240 2261 322 2310 visitet
338 2261 493 2325 iniquitatem
523 2261 578 2308 rari.
615 2260 669 2308 Nos
681 2267 770 2319 autem,
784 2261 845 2309 dum
856 2261 944 2320 lucem,

65 2326 214 2376 habitatoris
234 2332 304 2375 terrae
323 2333 408 2374 contra
425 2341 489 2375 eum.
524 2324 650 2384 habemus,
670 2326 797 2373 credamus
814 2325 841 2373 in
857 2325 945 2384 lucem,

66 2394 102 2441 Et
121 2391 177 2456 quis
193 2391 283 2454 poterit
303 2391 410 2453 cogitare
426 2391 492 2438 diem
524 2396 549 2437 et
565 2395 682 2453 tanquam
699 2389 743 2438 filii
761 2390 822 2438 lucis
838 2390 947 2438 ambule-

65 2457 189 2505 adventus
200 2455 259 2519 ejus,
273 2462 298 2504 et
308 2455 363 2519 quis
375 2455 449 2503 stabit
461 2455 492 2502 ad
525 2468 594 2501 mus:
610 2469 642 2501 ne
653 2453 779 2516 ejiciamur
794 2454 821 2502 iu
834 2454 948 2502 tenebras

65 2520 204 2570 videndum
220 2521 295 2569 eum?
326 2519 405 2581 Cujus
415 2519 493 2567 venti·
525 2517 662 2575 exteriores,
687 2518 731 2567 ubi
756 2519 802 2566 erit
825 2518 896 2567 fletus
923 2524 948 2566 et

66 2586 167 2634 labrum
184 2585 212 2633 in
233 2600 308 2633 manu
325 2599 375 2642 sua,
395 2589 420 2632 et
438 2598 493 2648 per·
524 2581 613 2630 stridor
638 2582 756 2631 dentium
800 2583 840 2630 Ne
862 2582 948 2630 abuta-

66 2649 199 2699 muudabit
216 2665 297 2697 aream
308 2664 385 2707 suam,
400 2654 424 2696 et
435 2663 492 2696 con·
524 2661 578 2694 mur
588 2646 699 2696 bonitate
708 2646 764 2706 Dei,
774 2647 816 2710 qui
825 2646 857 2694 ad
868 2645 948 2709 poeni·

66 2714 180 2778 gregabit
196 2714 304 2762 triticum
318 2728 389 2761 suum
400 2712 425 2760 in
436 2712 493 2760 hor·
524 2711 627 2758 tentiam
645 2727 692 2759 nos
710 2711 831 2774 benignus
849 2710 945 2768 invitat,

67 2794 146 2837 reum,
165 2778 249 2842 paleas
268 2785 350 2826 autem
367 2777 494 2825 comburet
524 2783 549 2823 et
559 2791 605 2838 pro
616 2775 711 2824 infinita
727 2774 894 2823 misericordia
905 2790 949 2823 sua

67 2842 338 2906 igneinexstinguibili.
369 2841 429 2890 Dies
441 2841 493 2890 Do·
524 2840 603 2899 nobis,
618 2839 650 2887 ad
666 2855 693 2888 se
707 2839 733 2887 in
749 2839 823 2887 corde
839 2838 948 2902 perfecto

67 2908 138 2968 mini,
163 2908 225 2956 sicut
246 2907 284 2955 sur
306 2907 333 2954 in
354 2913 433 2965 nocte,
458 2906 494 2955 ita
524 2904 633 2963 reversis,
663 2903 841 2968 praeteritorum
868 2902 948 2951 indul-

68 2973 169 3021 veniet:
200 2987 256 3020 curn
284 2971 350 3019 enim
377 2970 490 3031 dixerint,
523 2969 632 3032 gentiam
647 2967 783 3033 pollicetur.
820 2967 848 3017 Si
860 2967 948 3016 suerint

10 3038 15 3049 '
69 3037 160 3085 Paxet
176 3036 299 3095 securitas,
312 3042 373 3083 tunc
388 3035 492 3098 repenti·
524 3040 626 3096 peccata
652 3039 735 3081 nostra
760 3037 788 3080 ut
811 3032 949 3090 coccinum,

68 3117 116 3150 nus
137 3101 173 3149 eis
195 3098 350 3166 superveniet
370 3099 490 3158 interitus,
524 3097 595 3163 quasi
612 3099 658 3147 nix
675 3097 881 3149 dealbabunturx
898 3102 928 3146 et
940 3093 969 3142 si

132 3177 179 3214 211

214 686 335 735 Minister.
