2040 3458
291 142 327 199 lin
345 146 507 204 iiurtbtutmi
526 151 615 207 Sancti
632 151 721 218 inruit.

308 384 346 442 m
357 383 520 442 mutiunt
532 382 621 442 Sancti
630 383 718 451 Anuli.

220 497 323 555 uratiu.
525 512 662 577 stupefacti,
692 513 819 562 audientes
851 513 951 577 quidem

127 593 411 658 EUS,quiuniversum
421 610 493 643 mun.
524 592 620 637 vocem,
649 578 774 653 neminem
805 585 888 627 autem
915 580 951 627 vi-

144 658 492 724 dumperbaetipauliApos.
524 642 618 691 dentes.
654 643 764 691 Surrexit
772 649 854 691 autem
863 643 953 692 Saulus

65 721 106 772 toli
119 723 326 788 praedioatiouem
343 723 494 788 Evangelica
525 706 557 781 d?
567 713 639 766 tersa,
653 713 792 770 apefllsque
802 707 953 782 0⁰u1¹SJ¹lhll

64 785 116 836 ιω
125 787 271 836 illustrasti.
288 787 330 836 1)a
336 788 415 848 nobis,
427 804 493 852 quae,
525 770 632 819 videbat.
655 772 876 820 Admanusautem
882 772 952 821 illum

64 866 153 912 sumus,
166 824 372 917 utprofiterejus
388 853 493 901 admira,
524 834 656 894 trahentes,
685 835 872 910 introduverunt
899 837 951 911 Da·

64 915 138 964 bum
153 917 342 965 conversionem
361 932 436 980 quam
456 933 494 965 re,
524 914 641 948 mascum.
685 900 718 948 Et
740 907 791 948 erat
818 900 853 948 1b1
875 902 952 949 tribus

64 979 174 1039 odimus,
195 980 315 1030 doctrinae
331 980 384 1044 ejus
402 990 494 1030 ξηαπ
524 963 611 1011 diebus
621 979 672 1012 nou
682 964 776 1022 videns,
786 971 811 1012 et
821 979 872 1013 non
883 980 952 1012 man-

64 1043 205 1094 obediendo
232 1044 279 1094 fibi
295 1046 386 1108 gratias
404 1045 493 1094 resera,
524 1027 630 1087 ducavit,
640 1043 720 1092 neque
731 1028 800 1077 bibit.
838 1029 898 1077 Erat
909 1045 952 1077 au·

63 1122 124 1158 m
172 1080 223 1158 pe}
247 1097 334 1174 Joeum
366 1109 493 1159 Christum
524 1092 949 1166 temquidamdiscipulusDamasci,

64 1172 203 1222 Dominum
213 1181 333 1223 nostum
368 1176 457 1224 Am
523 1170 625 1205 nomme
643 1156 771 1206 Ananias:
795 1164 819 1205 et
841 1158 903 1206 dixit
919 1159 952 1206 ad

524 1220 595 1269 illurn
602 1221 628 1268 in
633 1220 687 1269 visu
692 1221 830 1269 Dominus:
841 1222 947 1270 Anania.

124 1285 212 1343 {Latin
224 1302 269 1356 pru
281 1289 408 1357 AEpigtflh,
524 1284 562 1333 At
571 1284 614 1333 ille
624 1285 673 1334 ait:
690 1285 755 1334 Ecce
766 1301 820 1348 eg0,
833 1286 948 1335 Domine.

282 1391 288 1403 ,
524 1348 559 1398 Et
578 1349 701 1398 Dominus
719 1351 752 1398 ad
771 1365 842 1398 eum:
862 1350 948 1413 Surge,

210 1390 269 1441 Act:
281 1408 312 1441 ¹¹·
325 1404 346 1442 ¹·
524 1420 549 1461 et
565 1414 629 1462 vade
645 1414 671 1461 in
691 1414 773 1462 vicum
790 1414 832 1478 qui
850 1423 952 1463 vocatur

60 1469 243 1600 SAULUS
257 1486 340 1528 autem
351 1479 492 1545 adhucspi-
524 1478 631 1526 Rectus:
663 1485 687 1526 et
715 1494 796 1543 quaere
823 1479 848 1526 in
875 1480 952 1528 domo

149 1543 339 1593 ransminarum
350 1552 376 1594 et
383 1545 492 1594 caedisin
521 1543 594 1606 Judae
611 1542 713 1591 Saulum
729 1543 830 1591 nomine
846 1543 951 1592 Tarsen-

63 1607 200 1673 discipulos
217 1608 328 1669 Domini,
343 1610 444 1658 accessit
460 1611 492 1658 ad
523 1607 807 1656 sem:ecceenimorat,
836 1608 880 1667 (Et
889 1609 951 1656 vidit

62 1672 202 1737 principem
213 1673 375 1733 sacerdotum,
386 1681 412 1723 et
421 1675 494 1738 petiit
523 1671 603 1719 virum
620 1672 745 1719 Ananiam
759 1672 861 1721 nomine
876 1673 950 1720 intro-

64 1737 95 1786 ab
110 1753 143 1787 eo
161 1736 280 1801 epistolas
299 1737 325 1786 in
341 1737 493 1787 Damascum
524 1743 631 1795 euntem,
656 1743 681 1784 et
708 1735 877 1799 imponentem
904 1737 951 1785 sibi

63 1801 95 1850 ad
115 1816 271 1865 synagogas:
297 1808 326 1850 ut
340 1802 362 1851 si
378 1817 440 1866 quos
456 1803 493 1852 in-
523 1815 619 1859 manus,
651 1807 680 1849 ut
713 1801 794 1848 visum
827 1801 949 1864 recipiat.)

10 1892 12 1903 ·
62 1865 170 1915 venisset
197 1865 271 1928 liujus
297 1866 344 1915 viae
370 1867 437 1916 viros
464 1883 493 1916 ac
525 1864 665 1928 Respondit
701 1873 784 1914 autem
824 1866 950 1914 Ananias:

63 1930 186 1989 mulieres,
200 1929 297 1979 vinctos
312 1931 456 1994 perduceret
467 1932 493 1980 in
525 1928 642 1988 Domine,
666 1929 750 1977 audivi
772 1944 787 1977 a
808 1930 892 1978 multis
919 1931 951 1979 de

61 1994 208 2058 Jerusalem.
246 1993 279 2043 Et
295 2010 352 2043 cum
367 1995 414 2043 iter
428 1995 493 2044 iace·
523 1993 578 2041 viro
595 1992 651 2052 hoc,
670 2000 763 2057 quanta
784 1994 850 2042 mala
867 1994 951 2043 fecerit

27 2086 31 2091 -
62 2065 105 2118 ret,
118 2058 228 2122 contigit
240 2067 270 2107 ut
285 2059 495 2124 appropinquaret
524 2057 614 2106 sanctis
632 2058 681 2106 tuis
702 2058 728 2106 in
748 2059 899 2122 Jerusalem:
926 2068 952 2108 et

63 2122 206 2172 Damasco:
239 2129 264 2172 et
288 2123 370 2172 subito
391 2124 493 2173 circum·
523 2119 564 2170 hic
585 2120 661 2170 habet
682 2129 829 2185 potestatem
851 2124 951 2186 aprin-

62 2187 130 2237 iulsit
152 2202 212 2236 eum
238 2186 282 2236 lux
303 2188 335 2236 de
351 2187 422 2237 coelo.
460 2189 494 2238 Et
524 2186 621 2249 cipibus
651 2187 806 2235 sacerdotum
833 2188 951 2250 alligandi

62 2251 293 2302 cadensinterram
301 2252 395 2300 audivit
406 2268 493 2302 vocem
524 2265 610 2300 omnes
659 2252 685 2299 ui
718 2251 834 2300 invocant
860 2268 951 2301 nomen

62 2316 187 2366 dicentem
212 2316 274 2366 sibi:
299 2316 382 2376 Saule,
407 2316 490 2376 Saule,
523 2321 601 2362 tuum.
675 2316 719 2364 ixit
740 2324 823 2364 autern
845 2318 950 2365 adeum

95 2381 123 2431 ‘d
155 2395 199 2429 me
228 2380 400 2445 persequeris?
443 2382 494 2443 Qui
525 2378 663 2428 Dominus:
679 2380 759 2439 Vade,
773 2382 890 2443 quoniam
907 2397 951 2430 vas

79 2445 139 2495 '‘tr
161 2444 227 2508 Quis
245 2459 279 2504 es,
300 2445 428 2494 Domine?
460 2446 494 2495 Et
524 2443 650 2492 electionis
678 2451 715 2493 est
747 2445 809 2492 mihi
839 2446 893 2504 iste,
923 2454 950 2493 ut

61 2509 117 2559 ille:
133 2509 193 2573 Ego
209 2525 264 2558 sum
278 2508 358 2571 Jesus,
376 2525 450 2573 quern
466 2517 494 2559 tu
524 2514 607 2570 portet
632 2524 725 2557 nomen
751 2524 835 2557 meum
867 2525 950 2557 eoram

62 2573 231 2638 persequeris,
264 2573 353 2622 durum
382 2581 420 2623 est
446 2575 493 2623 tibi
523 2572 637 2633 gentibus
664 2580 689 2622 et
714 2574 820 2636 regibus,
843 2580 867 2621 et
894 2573 951 2621 filiis

63 2646 149 2687 cenna
158 2637 287 2688 stimulum
299 2638 431 2688 calcitrare.
459 2639 493 2688 Et
524 2636 607 2685 lsra'e'l.
649 2637 705 2700 Ego
733 2638 798 2685 enim
821 2639 949 2685 ostendam

63 2710 169 2752 tremens
186 2717 216 2750 ac
232 2710 334 2766 stupens
345 2703 421 2751 dixit:
439 2703 492 2751 Do·
522 2700 559 2749 illi
581 2710 674 2764 quanta
695 2709 807 2765 oporteat
824 2718 880 2749 eum
903 2717 949 2764 pro

62 2768 135 2827 mine,
148 2767 311 2831 quidmevis
327 2767 425 2816 facere?
458 2768 492 2816 Et
522 2766 623 2814 nomine
644 2781 701 2815 meo
728 2767 787 2829 pati.
833 2766 866 2814 Et
887 2766 949 2814 abiit

63 2830 187 2880 Dominus
204 2831 237 2880 ad
256 2846 329 2880 eum:
357 2832 443 2894 Surge,
466 2840 491 2880 et
522 2831 642 2890 Ananias,
667 2838 692 2879 et
714 2830 824 2878 introivit
851 2830 877 2877 in
904 2831 948 2879 do-

62 2895 189 2960 iugredere
207 2896 340 2955 civitatem,
360 2902 386 2944 et
402 2896 438 2944 ibi
454 2897 491 2945 di·
522 2910 598 2953 mum,
619 2902 643 2943 et
665 2895 794 2958 imponens
811 2894 833 2942 ei
851 2910 946 2952 manus,

64 2969 130 3009 cetur
156 2960 203 3010 tibi
238 2960 300 3024 quid
326 2967 352 3008 te
378 2966 492 3022 oporteat
521 2959 598 3007 dixit:
627 2958 702 3008 Saule
721 2959 802 3018 irater,
826 2959 949 3008 Dominus

63 3024 146 3074 iacere.
195 3024 251 3073 Viri
279 3029 362 3072 autem
383 3023 427 3083 illi,
447 3025 490 3089 qui
521 3023 588 3071 misit
609 3039 650 3070 me
670 3022 749 3086 Jesus,
770 3023 813 3086 qui
835 3026 949 3086 apparuit

64 3089 243 3138 minitabantur
258 3104 317 3138 cum
331 3104 369 3149 eo,
391 3090 490 3138 stabant
521 3087 566 3135 tibi
588 3087 614 3135 ln
636 3087 676 3135 via
698 3103 747 3153 qua
773 3088 897 3149 veniebas,
922 3100 949 3137 ut

126 3167 172 3202 121
