2092 3450
60 160 215 210 omum.
450 161 560 226 zaraim.
817 172 939 235 Aaron.

60 312 256 378 cogitationibus
271 312 381 364 tuisnon
395 320 431 365 est
448 314 491 380 qui
556 317 737 368 Convertamur
761 320 893 368 retrorsum
925 328 949 370 et

61 378 152 428 similis
162 378 195 428 sit
205 379 260 429 tibi.
522 390 694 432 revereantur:
719 384 762 448 qui
780 384 867 434 volunt
887 385 950 434 mihi

94 442 253 492 Annuntiavi
268 449 293 492 et
308 442 405 493 loeutus
420 459 492 493 sum:
522 446 594 496 mala.

62 506 225 572 multiplicati
241 513 298 557 sunt
315 523 390 572 super
407 524 492 557 nume·
556 512 647 563 Ferant
674 513 802 561 confestim
829 513 950 563 confusio·

62 586 128 620 rum.
523 591 581 624 nem
600 593 686 627 suam:
711 578 753 642 qui
772 577 858 626 dicunt
878 578 947 637 mihi,

10 654 14 675 ’-
96 634 253 686 Sacrificium
286 642 311 685 et
341 636 493 686 oblationem
524 641 602 704 Euge,
616 658 684 706 euge

10 816 23 1357 t

10 1376 30 1938 i

10 1948 25 2487 t

10 2502 29 3192 t

62 699 167 775 noluisti
179 717 187 750 r
197 715 268 750 aures
277 707 360 749 autem
371 701 495 765 perfecisti
557 705 688 756 Exsultent
705 712 730 754 et
747 705 862 755 laetentur
877 722 951 771 super

65 764 136 814 mibi.
269 778 272 786 ·
524 776 550 818 te
576 786 662 820 omnes
689 780 824 834 quaerentes
852 778 893 822 te:
926 781 950 820 et

97 828 282 879 Holocaustum
292 837 317 879 et
330 845 376 894 pro
391 837 493 894 peccato
525 835 610 884 dicant
642 850 746 898 semper,
778 836 952 899 Magnificetur

66 909 119 942 non
145 893 276 958 postulasti
305 911 312 942 ε
339 900 398 943 tunc
425 895 494 955 dixi3
525 899 656 960 Dominus,
670 901 712 964 qui
729 900 834 964 diligunt
845 900 951 950 salutare

67 958 225 1008 Eoeevenio
525 971 601 1013 tuum.

98 1022 132 1070 In
150 1022 233 1086 eapite
248 1021 306 1071 libri
322 1022 369 1072 scri
387 1030 441 1072 tum
457 1029 495 1072 est
558 1028 613 1092 Ego
624 1036 706 1077 autem
722 1029 848 1078 mendicus
860 1037 951 1079 sumet

67 1086 98 1135 de
113 1101 163 1147 me,
177 1093 205 1135 ut
220 1086 326 1136 facerem
341 1039 494 1137 voiuntatem
524 1108 634 1156 pauper:
652 1093 774 1142 Dominus
785 1094 903 1142 sollicitus
914 1101 952 1142 est

67 1158 153 1211 tuam3
178 1150 248 1200 Deus
266 1167 343 1210 meus,
361 1152 444 1201 volui:
470 1159 495 1200 et
524 1157 580 1205 mei.

68 1214 148 1290 legem
169 1220 239 1264 tuam
260 1215 287 1263 in
307 1216 392 1279 medio
414 1217 494 1265 cordis
557 1221 665 1284 Adjutor
686 1237 762 1280 meus,
782 1229 807 1271 et
828 1228 953 1286 protector

68 1294 122 1328 men
205 1343 211 1354 ι
524 1301 594 1334 meus
614 1293 640 1334 tu
660 1302 703 1336 es:
728 1287 797 1336 Deus
819 1302 896 1347 meus,
919 1302 952 1335 ne

97 1343 253 1393 Annuntravi
262 1343 381 1406 justitiam
390 1351 458 1394 tuam
469 1345 495 1393 in
526 1350 665 1399 tardaveris.

67 1407 171 1457 eeclesia
178 1423 285 1471 magna:
299 1424 355 1458 ecee
366 1409 433 1457 labia
440 1424 496 1458 mea

68 1472 299 1585 gggfirrohibebor
327 1472 442 1534 Domine,
468 1482 494 1522 tu
535 1492 603 1540 nnis
616 1491 691 1541 viu.
728 1488 768 1544 ar
782 1489 909 1557 nanctae

96 1599 225 1664 Justitiam
236 1607 304 1650 tuam
314 1616 365 1650 non
376 1602 495 1651 abscondi
630 1628 758 1677 ΡΜΜυς
776 1627 837 1677 XLI

68 1664 93 1712 iu
103 1665 181 1714 corde
192 1680 248 1714 meo
259 1683 266 1715 r
287 1666 416 1715 veritatem
427 1673 495 1715 tuam
839 1665 845 1677 '

67 1736 92 1778 et
101 1728 209 1778 salutare
220 1736 289 1778 tuum
300 1730 359 1780 dixi.
416 1765 417 1768 ,
583 1729 952 1793 EATUSquiintelligitsuper

99 1793 162 1843 Non
173 1793 292 1843 abscondi
302 1795 495 1844 misericordiam
616 1809 720 1856 egenum
732 1801 756 1842 et
765 1809 914 1857 pauperem:
925 1797 951 1842 in

69 1864 144 1917 tuam,
170 1865 196 1906 et
216 1859 345 1907 veritatem
367 1865 452 1908 tuam:
480 1875 496 1907 a
525 1856 566 1905 die
579 1857 645 1905 mala
661 1857 775 1907 liberabit
791 1874 848 1906 eum
864 1859 952 1906 Domi·

68 1921 175 1972 concilio
185 1922 273 1971 multo.
525 1936 577 1969 nus.

99 1987 140 2035 Tu
151 1994 242 2047 autem,
252 1986 368 2046 Domine,
379 2003 411 2036 ne
421 1987 495 2052 longe
559 1986 682 2035 Dominus
699 1993 826 2036 conservet
843 2002 908 2046 eum,
928 1994 952 2036 et

68 2049 143 2099 iacias
153 2050 323 2102 miserationes
337 2059 392 2101 tuas
406 2067 422 2100 a
438 2068 495 2101 me:
525 2049 632 2099 vivificet
643 2066 707 2110 eum,
722 2058 746 2100 et
762 2053 862 2100 beatum
878 2051 952 2100 iaciat

68 2115 235 2164 misericordia
251 2123 294 2164 tua
310 2124 334 2165 et
347 2116 436 2165 veritas
452 2124 496 2165 tua
526 2129 583 2162 eum
601 2115 628 2163 in
646 2122 726 2164 terra:
752 2123 777 2164 et
798 2131 848 2164 non
871 2116 953 2165 tradat

67 2194 166 2243 semper
176 2188 334 2243 suseepemnt
343 2196 391 2229 me.
526 2194 582 2227 eum
609 2179 636 2227 in
662 2180 771 2228 animam
798 2180 952 2229 inimicomm

98 2243 227 2306 Quoniam
235 2244 496 2294 circumdedemntme
526 2242 585 2306 ejus.

67 2307 251 2371 malaquorum
261 2323 312 2357 non
321 2316 358 2358 est
365 2324 495 2358 numerus:
558 2308 681 2357 Dominus
688 2324 761 2372 opem
769 2309 830 2359 serat
837 2309 873 2357 illi
880 2324 953 2372 snper

67 2371 306 2436 comprehendemnt
335 2388 377 2422 me
407 2373 495 2438 iniqui·
525 2370 617 2421 lectum
626 2372 718 2422 doloris
730 2373 796 2437 ejus:
812 2375 952 2422 universum

67 2442 130 2485 tates
152 2450 223 2495 meae,
248 2442 273 2485 et
298 2451 350 2486 non
377 2438 447 2502 potui
468 2446 495 2486 ut
526 2443 629 2484 stratum
640 2437 691 2500 ejus
702 2438 803 2487 versasti
814 2439 840 2486 in
850 2437 952 2486 infirmi·

68 2499 186 2549 viderem
526 2501 646 2564 tateejus.
946 2511 948 2516 ⁴

79 2569 80 2574 ’
99 2563 275 2628 Multiplieatae
293 2570 350 2614 sunt
366 2581 440 2630 super
455 2581 495 2614 ca·
560 2566 615 2628 Ego
631 2566 690 2625 dixi,
706 2567 822 2626 Domine,
837 2566 952 2629 miserere

68 2628 142 2692 pillos
150 2628 238 2703 capitis
246 2629 310 2679 mei:
326 2636 351 2678 et
362 2645 404 2679 cor
413 2645 496 2679 meum
526 2630 576 2680 mei
587 2647 594 2679 r
610 2645 670 2679 sana
681 2631 789 2679 animam
800 2645 881 2679 meam
894 2629 952 2692 quia

67 2692 258 2756 dereliqmtme
526 2695 627 2759 peccavi
637 2695 690 2744 tibi.

100 2754 264 2821 Complace‘at
275 2758 328 2818 tibi,
340 2758 456 2818 Domine,
467 2766 495 2807 ut
560 2759 658 2807 Inimici
679 2759 729 2807 mei
750 2759 864 2807 dixemnt
885 2757 952 2806 mala

68 2822 495 2886 emasmezDomine,adadjuvan·
526 2823 605 2872 mihi:
639 2823 746 2885 Quando
778 2822 896 2870 morietur
928 2830 952 2871 et

68 2886 128 2934 dum
139 2886 291 2950 merespice
527 2887 617 2952 peribit
628 2902 719 2935 nomen
730 2886 802 2949 ejus?
939 2916 941 2920 -

100 2948 290 3000 Confundantur
304 2958 329 3000 et
339 2960 495 3014 revereantur
559 2952 592 3000 Et
608 2952 628 3000 si
645 2951 826 3013 ingrediebatur
841 2957 869 2999 ut
884 2950 951 3000 vide·

67 3010 148 3074 simul,
177 3015 220 3079 qui
247 3022 359 3128 (puaerunt
386 3008 494 3066 animam
526 3024 571 3075 ret,
584 3031 649 3064 vana
663 3015 825 3078 loquebatur:
847 3030 890 3064 cor
900 3015 951 3082 ejus

70 3092 169 3128 meam:
185 3088 415 3131 utaueranteam'
527 3079 684 3144 congregavit
694 3079 852 3146 iniquitatem
861 3080 920 3130 sibi.

132 3154 178 3192 aar
505 3156 523 3192 ο
856 3177 858 3181 -
891 3152 894 3156 “
