2092 3450
349 560 402 637 aa
423 558 651 640 fflatattnaa.

67 712 86 760 ‘r
102 712 133 758 In
147 712 168 758 F
169 715 227 760 estis
240 713 339 761 Natalis
352 711 463 772 Domini,
479 710 636 774 Epiphaniae,
653 711 677 759 S.
694 711 818 773 Matthiae,
834 713 944 774 Paschae,

102 777 273 839 Ascensionis,
292 779 458 835 PentecosteS,
481 778 505 826 S.
526 776 630 839 Joannis
653 776 780 838 Baptistae,
803 779 827 826 S.
846 780 944 841 Jacobi,

101 842 128 890 S.
150 843 336 901 Bartholomaei,
352 843 377 891 S.
399 842 523 900 Matthaei,
545 841 590 890 SS.
608 841 716 889 Simonis
734 851 758 890 et
773 844 853 905 Judae,
874 852 898 893 et
917 845 941 893 S.

99 908 217 966 Andreae,
233 915 257 956 et
275 909 301 955 in
319 907 453 955 Dominica
471 908 496 955 S.
518 907 655 964 Trinitatis,
676 907 708 953 ad
726 907 871 966 Matutinas‚
889 909 945 957 loco

101 973 216 1034 Symboli
224 973 411 1036 Apostolorum,
422 972 475 1020 haec
483 972 613 1020 Confessio
621 971 768 1020 Christianae
776 973 848 1020 Fidei
855 983 945 1022 nostrae

98 1053 175 1100 quarn
187 1038 262 1100 vulgo
274 1046 364 1086 vocant
373 1037 522 1101 Symbolum
535 1036 621 1085 Sancti
633 1036 773 1096 Athanasii,
785 1040 943 1087 canteturvel

98 1102 195 1151 dicatur
207 1119 222 1155 a
233 1103 351 1152 Ministro
363 1110 387 1151 et
399 1101 500 1168 populo,
515 1102 644 1154 stantibus.

163 1248 312 1318 &nimum
321 1248 384 1304 511,st
551 1225 669 1274 AEternus
713 1225 793 1285 Pater,
826 1199 828 1203 Ι
843 1229 948 1274 aeternus

520 1289 613 1338 Filius:
630 1295 735 1339 aeternus
750 1288 856 1354 Spiritus
872 1289 948 1339 Sanc·

129 1352 324 1416 UICUNQUE
338 1352 392 1401 vult
408 1351 489 1401 salvus
519 1360 564 1402 tus.

161 1433 230 1466 asse:
251 1423 310 1466 ante
325 1416 410 1466 omnia
426 1432 489 1481 opus
552 1418 586 1467 Et
606 1424 690 1466 tamen
709 1433 761 1466 non
780 1424 829 1467 tres
846 1419 948 1468 aetemi:

160 1487 233 1530 estut
242 1480 489 1530 teneatCatholicam
519 1482 562 1531 sed
573 1497 636 1530 unus
647 1488 758 1531 aeternus.
919 1492 922 1497 ·

58 1545 153 1594 Fidem
552 1546 622 1596 Sicut
638 1562 690 1595 non
705 1553 754 1595 tres
773 1545 882 1606 increati,
902 1562 949 1596 nec

89 1609 173 1671 Quam
188 1608 236 1658 nisi
250 1609 353 1673 quisque
368 1609 489 1672 integram
519 1617 567 1658 tres
583 1611 696 1659 immensi
711 1628 718 1660 z
732 1610 775 1660 sed
791 1627 855 1659 unus
871 1611 948 1660 incre·

57 1673 249 1738 inviolatamque
264 1673 417 1722 servaverit:
433 1673 488 1722 abs·
518 1680 580 1734 atus,
595 1680 619 1724 et
630 1690 693 1723 unus
704 1675 844 1724 immensus.

57 1753 105 1802 que
116 1737 360 1787 dubioinaeternum
372 1737 468 1802 peribit.
551 1739 670 1789 Similiter
686 1739 843 1804 omnipotens
865 1740 946 1799 Pater,

90 1802 166 1850 Fides
185 1808 268 1851 autem
288 1801 418 1851 Catholica
434 1802 489 1850 haec
520 1803 676 1867 omnipotens
685 1802 949 1868 Filiustomnipotens

58 1873 94 1915 est
113 1884 119 1914 ε
141 1863 178 1916 Ut
192 1882 270 1915 unum
289 1865 373 1915 Deum
388 1866 414 1915 in
433 1866 488 1914 Tri·
520 1867 627 1932 Spiritus
639 1867 750 1917 Sanctus.

57 1930 142 1989 nitate,
164 1937 189 1979 et
211 1930 358 1979 Trinitatem
380 1930 406 1978 in
426 1930 488 1979 Uni·
552 1932 585 1980 Et
602 1941 685 1980 tamen
704 1948 755 1981 non
771 1937 820 1981 tres
837 1932 949 1996 omnipo·

58 2001 116 2052 tate,
130 2010 280 2044 veneremur.
519 2002 598 2045 tentes
610 2014 616 2044 ε
634 1996 677 2045 sed
688 2012 751 2048 unus
763 1996 935 2061 Omnipotens.

89 2058 181 2123 Neque
217 2058 394 2108 confundentes
431 2059 489 2107 Per·
553 2061 592 2108 Ita
603 2059 672 2109 Deus
684 2061 764 2119 Pater,
776 2059 846 2109 Deus
855 2060 950 2110 Filius:

58 2138 152 2172 sonas:
169 2139 250 2187 neque
266 2123 437 2173 Substantiam
452 2138 489 2172 se·
521 2125 589 2173 Deus
601 2124 707 2189 Spiritus
719 2124 831 2174 Sanctus.

59 2194 180 2250 parantes.
552 2189 586 2237 Et
602 2195 686 2237 tamen
702 2205 753 2238 non
769 2197 818 2238 tres
835 2189 891 2237 dii:
907 2189 950 2238 sed

91 2251 150 2299 Alia
158 2257 194 2300 ast
205 2251 272 2300 enirn
281 2252 391 2300 Persona
399 2251 486 2310 Patris,
520 2269 583 2301 unus
595 2259 631 2301 est
644 2253 719 2301 Deus.

59 2315 107 2363 alia
119 2315 176 2363 Filii
191 2316 259 2364 :alia
274 2315 381 2380 Spiritus
393 2315 484 2365 Sancti.
553 2317 593 2365 Ita
601 2316 724 2376 Dominus
735 2318 816 2377 Pater,
828 2317 951 2366 Dominus

91 2379 142 2429 Sed
160 2379 248 2440 Patris,
265 2387 289 2428 et
307 2379 372 2438 Filii,
391 2386 416 2428 et
434 2378 489 2444 Spi·
522 2381 599 2430 Filius
639 2397 646 2430 r
679 2381 802 2430 Dominus
843 2381 950 2445 Spiritus

59 2443 118 2492 ritus
129 2443 223 2503 Sancti,
237 2459 288 2491 una
302 2451 338 2493 ast
350 2443 489 2492 Divinitas:
521 2445 633 2494 Sanctus.

59 2507 160 2571 aequalis
178 2507 272 2566 Gloria,
292 2514 415 2556 coaetema
434 2508 489 2557 Ma·
553 2510 587 2558 Et
603 2516 687 2558 tamen
704 2525 755 2559 non
773 2517 821 2558 tres
839 2508 950 2558 domini:

58 2572 138 2633 jestas.
520 2574 563 2622 sed
575 2589 638 2622 unus
649 2581 686 2623 est
698 2574 827 2622 Dominus

92 2636 179 2698 Qualis
205 2636 286 2695 Pater,
311 2636 367 2685 talis
390 2628 490 2686 Filius:
555 2637 628 2700 Quia,
639 2638 660 2687 si
692 2637 950 2702 tsingillatimunam-

60 2701 114 2748 talis
127 2700 234 2765 Spiritus
246 2700 358 2749 Sanetus.
522 2717 646 2766 quamque
687 2717 799 2751 ersonam
819 2701 902 2748 Deum
922 2715 951 2748 ac

92 2765 219 2813 Iucreatus
230 2765 312 2823 Pater,
321 2765 442 2813 increatus
449 2766 471 2813 F
472 2765 491 2813 i·
523 2766 660 2814 Dominum
669 2765 779 2814 confiteri
794 2783 799 2812 :
813 2764 952 2812 Christiana

60 2828 105 2877 lius
115 2847 122 2877 ε
131 2829 253 2878 increatus
262 2828 369 2892 Spiritus
376 2829 488 2879 Sanctus.
523 2830 634 2879 Veritate
646 2829 816 2892 compellimur
825 2847 832 2889 ς

93 2893 231 2941 Immensus
254 2893 334 2952 Pater,
359 2892 492 2943 immensus
556 2895 596 2942 Ita
617 2901 666 2942 tres
687 2893 747 2941 deos
770 2899 812 2941 aut
836 2891 951 2941 dominos

62 2956 139 3006 Filius
168 2973 175 3005 r
208 2956 342 3006 immensus
386 2957 492 3022 Spiritus
522 2958 631 3007 dicere:
656 2956 785 3005 Catholica
821 2957 952 3020 Religione

63 3021 175 3071 Sanctus.
201 3031 204 3038 ’
523 3022 691 3088 prohibemur.

132 3097 162 3147 Ι9
