2092 3450
372 162 454 221 nitus
470 162 616 221 dcldtnnni
631 162 841 225 ffldtinuninnt.

167 301 289 364 Minister,
301 305 425 368 accipiens
436 305 595 354 mulierema
628 304 743 432 HOC
772 304 865 356 annulo
891 312 918 356 te
943 320 956 353 n

197 383 274 417 manu
285 373 362 433 patris
374 377 416 418 aut
428 371 510 429 amici,
525 378 594 419 curet
727 374 800 432 duco,
823 385 927 435 corpore
945 384 956 418 r

197 441 224 482 ut
236 434 274 483 vir
285 435 387 483 dextera
402 451 446 482 sua
463 435 592 484 mulierem
619 438 723 499 honoro,
737 443 762 487 et
773 436 888 485 omnibus
902 435 956 483 bon:

198 514 242 562 per
251 499 304 563 ejus
312 501 440 548 dexteram
451 506 543 560 teneat,
557 501 593 550 ita
620 501 797 566 temporalibus
812 506 839 549 te
854 499 929 548 doto:
951 497 956 546 ἶ

197 564 289 625 dicens,
303 566 410 614 docente
422 565 549 623 Ministro,
620 567 688 616 mine
704 565 792 626 Panis,
806 571 832 613 et
848 562 914 623 Filii,
928 568 954 612 et

229 653 279 706 Go
296 653 330 704 Ν,
350 653 446 718 accipio
464 660 490 703 te
509 653 543 703 N·
563 653 590 702 ,n
622 640 661 681 tus
672 630 763 682 Sancti
800 629 891 677 Amen.

244 719 254 767 l
286 718 381 767 'dmm
389 733 587 778 mmmmm’
620 738 720 788 Deinde
741 754 798 787 curn
820 740 857 786 vir
876 739 956 786 annul*

164 790 192 833 ut
212 790 238 833 te
259 798 275 832 ἃ
310 782 360 832 1²⁰0
381 782 422 831 die
440 781 547 831 habam
566 789 592 831 et
652 811 741 868 quarto
753 804 832 867 digito
843 803 948 852 sinistra}

163 857 270 923 lemm’
283 853 335 922 lam
345 847 372 922 ln
382 846 506 923 mim
516 861 590 922 quim
651 869 762 917 mulieris
800 869 929 929 dimiserit,

163 928 191 960 ιιι
204 910 322 971 adversis,
339 926 392 961 sive
408 911 524 976 ditiorem
539 926 592 986 sive
651 950 733 997 genua
752 934 860 993 neem„
883 944 907 982 e,
931 935 956 982 M

164 975 344 1052 pauperiorem,
362 975 420 1051 sive·
433 991 520 1051 sanam
540 990 592 1024 sive
652 1001 719 1047 dica,

164 1038 295 1099 infirmam,
311 1047 339 1089 ut
355 1044 381 1090 te
396 1039 499 1104 diligam
514 1046 540 1088 et
555 1038 591 1088 io·
720 1035 727 1058 '
779 1073 892 1124 oremus.

165 1119 244 1165 veiim,
257 1104 338 1154 donec
352 1119 420 1154 mors
435 1119 483 1153 nos
495 1118 590 1180 separa·

164 1169 235 1229 verit,
253 1167 325 1233 juxta
342 1183 439 1218 sacrum
455 1168 505 1218 Dei
523 1174 591 1217 insn-
745 1149 843 1199 ERNE
860 1148 956 1207 Deus,t

164 1240 260 1283 tutum:
277 1240 302 1283 et
313 1232 405 1283 adhoc
412 1233 446 1282 do
454 1232 500 1282 tibi
506 1230 588 1282 fidem.
699 1280 704 1290 ,
752 1222 777 1264 et
785 1219 945 1288 00¹1⁵eryat05
948 1211 956 1260 l

622 1295 725 1343 genens,
735 1279 808 1328 dator
814 1283 900 1342 gratiae
908 1291 956 1340 spir

163 1342 270 1402 Deinde,
313 1344 428 1395 manibus
468 1346 587 1405 retractis,
623 1344 724 1408 largitor
745 1350 844 1392 aetemae
871 1341 947 1390 vitae=

196 1408 286 1457 mulier
312 1410 413 1459 dextera
444 1427 488 1459 sua
509 1412 590 1459 virum
623 1408 821 1458 benedictionem
830 1413 898 1455 tuam
906 1420 956 1468 sup

196 1488 241 1537 per
251 1475 378 1523 dexteram
389 1477 441 1539 ejus
451 1484 541 1535 teneat,
554 1484 587 1535 et,
623 1474 703 1522 virum
714 1479 739 1521 et
749 1472 814 1521 hanc
824 1469 956 1545 mulierem

196 1538 302 1588 docente
325 1540 449 1600 Ministro,
477 1542 591 1590 similiter
624 1538 676 1587 lum
696 1546 767 1585 tuum
788 1542 813 1585 et
834 1533 951 1584 ancillam

196 1603 272 1664 dicat,
624 1617 686 1666 quos
702 1601 729 1650 in
745 1606 789 1649 tuo
803 1599 913 1648 Nomine
928 1597 956 1646 be

233 1687 281 1737 (30
293 1686 319 1734 N
342 1685 592 1750 accipioteN‚in1e‚
624 1682 694 1714 mus:
710 1672 737 1713 ut
748 1665 811 1713 sicut
823 1663 894 1712 Isaac
903 1661 956 1711 etli

247 1724 362 1815 gitjmfim
373 1750 489 1799 maritum
499 1764 590 1807 meum,
625 1730 731 1779 fideliter
751 1744 802 1777 una
820 1728 941 1785 vixerunt,

166 1824 195 1864 ut
216 1823 242 1865 te
260 1816 292 1864 ab
311 1816 361 1864 hoc
382 1814 423 1864 die
444 1814 551 1863 habeam
570 1821 594 1862 et
625 1809 737 1859 P⁸¹⁵⁰nae
748 1799 815 1842 cerm
833 1797 950 1855 PfaeSlent

167 1889 272 1939 teneam,
286 1887 338 1928 tam
349 1880 375 1928 in
385 1878 509 1943 prosperis
519 1893 594 1942 quarn
625 1865 684 1935 Yent
707 1865 794 1907 V⁰l¹¹m
816 1864 841 1905 et
865 1870 956 1904 ⁶0¹¹V⁶¹l

168 1945 193 1992 in
210 1944 325 2003 adversis,
342 1944 394 1993 sive
409 1943 525 1992 ditiorem
543 1941 595 1991 sive
625 1932 690 1999 ulter
705 1938 759 1972 ⁵2⁵⁶
775 1929 861 1969 mut¹¹⁰
872 1920 956 1967 factm

167 2008 346 2072 pauperiorem,
365 2008 417 2057 sive
437 2022 525 2056 sanum
544 2006 595 2056 sive
625 1988 667 2064 hle
683 1986 788 2035 ”nnius
805 1985 876 2059 datus,
896 1990 920 2032 et
939 1998 956 2030 θ’

168 2072 300 2133 infirmum,
313 2079 341 2120 ut
357 2078 382 2120 ie
398 2071 501 2135 diligam
518 2077 543 2120 et
556 2070 594 2119 so·
627 2066 725 2115 mgnum
747 2057 783 2099 ‘St
805 2057 837 2124 et,
850 2062 956 2140 pignus,

168 2151 247 2196 veam,
266 2145 291 2185 et
307 2135 354 2185 tibi
372 2136 496 2195 obediam,
515 2136 596 2184 donec
627 2114 921 2180 perpetuadflectwneet
932 2127 956 2175 P‘

168 2216 234 2250 mors
263 2216 309 2249 nos
341 2199 497 2264 separaverit,
524 2199 597 2263 juxta
628 2185 751 2239 mamni,
776 2186 801 2227 et
820 2177 891 2240 juxta
912 2176 956 2288 legi

168 2280 264 2314 sacrum
281 2264 330 2313 Dei
345 2264 498 2313 institutum:
519 2272 544 2312 et
563 2263 596 2311 ad
627 2245 719 2320 lilani·
760 2243 807 2291 Pes
824 2243 910 2306 lesum

168 2329 260 2378 hoedo
272 2328 411 2379 tibifidem,
629 2310 767 2358 Dominum
777 2314 895 2356 nostrum
931 2306 956 2353 A

623 2409 694 2458 Tunc
708 2409 836 2469 Sacerdos,
847 2408 953 2472 jungens

165 2430 272 2489 Deinde,
297 2432 411 2482 manibus
439 2434 529 2482 iterum
555 2452 590 2485 re·
729 2474 842 2523 dederas
865 2476 930 2523 dicat

762 2512 767 2521 ¹
845 2512 851 2534 t
933 2512 939 2533 5

197 2496 289 2556 tractis,
304 2498 341 2545 vir
358 2499 455 2546 mulieri
472 2500 589 2549 annulum

197 2562 248 2621 det,
256 2578 412 2626 ponenseum
420 2565 590 2627 superlibrum
663 2569 733 2631 Quos
749 2566 819 2615 Deus
831 2563 956 2628 conjunxit

197 2642 254 2674 curn
282 2629 388 2690 pecunia
414 2630 544 2678 Sacerdoti
567 2640 591 2680 et
630 2649 681 2682 non
692 2632 823 2696 disjungat.

198 2692 297 2740 Clerico
316 2693 407 2741 debita.
446 2695 527 2756 Quem
547 2713 590 2743 an-

197 2757 284 2805 nulum
313 2758 435 2807 Sacerdos
465 2761 591 2822 accipiens

197 2823 278 2870 tradat
307 2824 368 2883 viro,
395 2832 482 2887 quarto
511 2827 590 2888 digito
772 2804 900 2864 Iollam*

197 2887 302 2935 sinistrre
319 2904 407 2936 manns
424 2890 534 2937 mulieris
555 2892 590 2938 in·
692 2893 747 2944 UM
759 2892 793 2941 N.
808 2898 833 2940 et
844 2890 877 2939 N.
893 2904 956 2939 cons«

198 2953 336 3001 serendum.
381 2954 427 3000 Vir
444 2961 535 3013 nutem,
555 2956 590 3003 ibi
715 2958 849 3006 insacrum
860 2954 956 3003 Matrirr

197 3024 284 3064 tenens
323 3018 449 3078 annulum,
486 3021 591 3069 docente
632 3030 658 3072 et
673 3022 722 3071 hoc
738 3036 820 3070 coram
837 3020 893 3069 Deo
906 3018 956 3067 eth

198 3082 334 3130 Sacerdote
345 3084 419 3140 (licat,
632 3089 774 3151 gregatione
796 3084 877 3134 testati
905 3085 954 3131 sint

228 3151 278 3203 188

623 2736 722 2786 Deinde
744 2737 857 2785 Minister
874 2738 956 2801 popul:
