2092 3450
352 241 357 250 ι
381 164 531 223 &satiamur
544 165 669 223 attiners.

79 310 139 356 tium
170 314 289 359 nostrum.
341 310 389 360 Per
418 311 504 375 Jesum
534 311 670 360 offeramus.
708 311 756 360 Per
774 311 861 375 Jesum
879 311 960 360 Chris·

78 373 204 486 {brigium
224 374 361 424 Dominum
383 383 500 426 nostrum
534 381 587 424 tum
596 376 854 427 Dominumnostrum.
867 377 955 424 Amm.

535 498 585 546 Pro
605 499 754 549 liberatione
775 502 806 549 de
828 503 901 550 Peste
923 506 962 552 vel

101 562 151 612 Pro
165 564 239 624 Pace,
254 575 278 615 et
292 567 440 620 liberatione
452 573 484 620 ab
575 564 607 612 de
619 565 669 613 allo
681 567 770 614 morbo
784 569 917 616 communi-

234 633 349 683 immid&
606 663 725 714 OMlNE
749 665 825 723 Deus,
851 664 894 728 qui
916 678 961 712 nos

82 717 363 846 OMNIPOTENS
376 729 453 790 Deus,
462 730 505 793 qui
637 728 962 792 terribilipoenanupervisi·

169 790 269 840 famulis
280 795 327 840 tuis
338 793 410 842 turris
421 810 448 842 es
456 794 504 842 for·
535 798 597 852 tans,
620 799 721 856 propter
743 800 844 856 peccata
866 792 962 840 vulner-

77 854 190 904 titndinis
211 871 227 903 a
245 854 308 904 facie
329 857 504 907 inimicomm:
535 856 589 914 asti,
619 863 720 931 propter
750 856 962 920 praevaricationes

77 918 502 983 laudemetgratiastibireferimus,
535 921 724 984 consumpsisti5
740 929 764 969 et
772 936 837 969 nunc
845 921 871 969 in
879 921 962 969 medio

77 982 118 1046 qui
128 997 145 1030 a
155 984 253 1046 magnis
264 984 312 1032 illis
324 992 348 1033 et
359 986 501 1045 manifestis,
533 983 619 1048 judicii
630 984 802 1034 misericordiae
810 986 959 1042 recordatus,

77 1061 182 1110 quaenos
189 1047 382 1108 circumdabant,
390 1051 504 1113 perieulis
535 1065 549 1097 e
565 1048 675 1098 faucibus
691 1049 777 1098 mortis
796 1050 890 1097 animas
906 1065 963 1097 nos·

76 1125 120 1159 uos
142 1111 259 1174 dignatus
279 1128 305 1161 es
326 1114 447 1174 liberare;
479 1123 503 1164 et
535 1120 585 1161 tras
595 1114 720 1163 redemisti
735 1131 741 1162 :
754 1114 864 1162 Patemae
875 1113 962 1176 pietati

77 1182 124 1224 tuae
149 1176 197 1224 soli
219 1176 326 1227 bonitati
350 1180 500 1238 ascribimus,
535 1185 584 1226 tuae
592 1180 763 1241 nosmetipsos,
773 1178 867 1226 animas
877 1185 900 1226 et
910 1193 961 1225 cor·

77 1239 144 1303 quod
166 1255 219 1288 non
241 1241 293 1289 dati
315 1257 398 1292 sumus
420 1244 455 1292 eis
477 1244 504 1292 in
536 1257 597 1305 pora
610 1249 701 1301 nostra,
716 1249 766 1291 ate
782 1242 892 1301 liberata,
906 1241 961 1289 hos-

77 1304 505 1368 eaptionem310gantesteutn0bis
536 1306 596 1353 tiam
617 1306 742 1354 viventem
764 1306 915 1364 exhibemus,
937 1313 961 1354 et

76 1367 140 1417 hanc
148 1375 218 1416 tuam
229 1370 357 1419 continues
368 1371 503 1420 misericor·
535 1370 562 1418 in
579 1370 690 1418 Ecclesia
708 1377 751 1418 tua
769 1370 961 1418 misericordiam

76 1432 144 1480 diam
153 1450 162 1492 ;
180 1448 232 1496 quo
248 1449 335 1482 omnes
350 1435 464 1484 homines
480 1443 505 1485 te
536 1442 604 1482 tuam
620 1449 716 1498 semper
735 1434 864 1482 laudamus
881 1441 905 1482 et
921 1450 961 1482 ex·

77 1497 155 1545 sciant
166 1505 278 1545 nostrum
286 1514 339 1547 esse
350 1499 504 1550 Salvatorem
536 1498 651 1547 tollimus.
684 1499 730 1547 Per
738 1498 824 1561 Jesum
837 1498 962 1547 Christum

77 1567 238 1625 etpotentem
249 1562 425 1613 Liberatorem.
458 1565 506 1613 Per
536 1563 674 1611 Dominum
684 1571 802 1611 nostrum.
838 1564 927 1612 Amen.

75 1625 160 1687 Jesum
170 1625 297 1675 Christum
304 1628 440 1676 Dominum
449 1645 505 1678 uos-

77 1697 148 1738 trum
185 1691 274 1742 Amen.
673 1689 732 1739 Sive
744 1690 804 1740 baec.

595 1786 699 1835 ORAM
721 1792 753 1843 te,
777 1785 850 1834 Pater
869 1785 961 1833 miseri·

626 1865 687 1909 cors,
710 1848 832 1913 supplices
852 1850 961 1912 agnosei-

536 1930 590 1963 mus
601 1914 669 1979 quod
680 1930 765 1962 omnes
776 1929 857 1976 poenae
871 1914 897 1962 in
908 1913 962 1975 lege

178 1978 302 2027 TERNE
331 1979 407 2038 Deus,
433 1981 506 2030 Pater
536 1986 579 2027 tua
593 1978 743 2027 denuntiatae
754 1978 781 2026 iu
795 1993 847 2037 nos,
862 1985 962 2041 propter

206 2049 290 2092 noster
317 2043 429 2104 coelestis,
463 2045 506 2108 qui
536 2042 681 2106 multiplicia
692 2049 793 2105 peccata
808 2049 832 2090 et
847 2042 962 2090 duritiam

76 2105 143 2154 solus
175 2105 314 2156 inhabitare
341 2108 400 2157 facis
432 2109 505 2158 unius
536 2107 623 2166 cordis,
641 2107 729 2155 merito
746 2106 853 2155 incidere
870 2110 962 2170 potuis·

76 2171 152 2219 moris
171 2171 199 2218 in
217 2171 300 2230 domo,
320 2179 345 2221 et
363 2172 450 2236 populi
469 2173 505 2221 in·
536 2179 589 2219 sent
604 2189 611 2219 ε
624 2171 674 2220 Sed
686 2177 769 2219 tamen
786 2171 844 2234 quia
860 2187 905 2235 pro
918 2172 961 2219 be-

77 2234 165 2283 domiti
197 2235 339 2284 violentiam
371 2237 504 2300 reprimis:
536 2235 655 2298 nignitate
664 2242 714 2293 tua,
725 2235 897 2299 poenitentiam
905 2251 961 2284 nos·

77 2297 250 2348 Benedicimus
282 2299 386 2349 Nemini
419 2308 505 2350 sancto
536 2306 599 2347 tram
612 2299 781 2362 imperfectam
793 2306 817 2347 et
834 2299 961 2362 indignam

76 2370 128 2421 tuo,
147 2362 226 2426 quod'
238 2364 356 2412 tumultus
377 2365 505 2413 seditiosos
534 2363 674 2427 respiciens,
687 2364 768 2412 morbi
780 2364 959 2426 contagionem,

76 2441 155 2490 nuper
165 2427 233 2490 apud
244 2444 289 2477 nos
301 2428 435 2477 concitatos
451 2430 504 2492 dig·
535 2443 585 2491 qua
603 2443 682 2491 nuper
703 2427 875 2487 laboravimus,
894 2442 961 2476 amo·

77 2498 149 2539 natus
160 2506 188 2540 es
203 2492 305 2541 sedare:
321 2500 346 2541 te
362 2493 506 2557 suppliciter
535 2508 599 2550 vere,
619 2500 643 2541 et
660 2507 747 2540 vocem
764 2491 920 2551 exultationis
937 2497 961 2538 et

77 2563 192 2618 rogantes
203 2562 231 2603 ut
243 2557 348 2619 gratiam
364 2558 436 2606 nobis
452 2573 504 2606 om·
536 2555 620 2605 salutis
639 2556 666 2605 in
688 2556 777 2605 nostris
797 2553 961 2603 tabernaculis

76 2619 150 2670 nibus
178 2621 299 2669 concedas
325 2637 375 2684 qua
402 2622 505 2685 posthac
535 2621 661 2670 restituere
677 2621 791 2683 dignatus
803 2634 846 2678 es;
863 2617 961 2665 Divinae

76 2683 201 2732 mandatis
223 2684 271 2733 tuis
292 2686 382 2734 sanctis
403 2686 504 2735 obedire
536 2685 662 2748 Majestati
671 2691 719 2733 tuae
727 2682 872 2732 sacrificium
882 2680 961 2729 laudis

76 2747 210 2806 valeamus,
230 2755 255 2796 et
274 2752 382 2812 quietam
398 2757 423 2799 et
439 2757 504 2799 tran·
535 2757 559 2798 et
576 2749 708 2812 gratiarum
720 2748 852 2805 offerimus,
866 2752 890 2794 et
908 2744 960 2793 No-

76 2811 181 2875 quillam
191 2811 269 2860 vitam
283 2821 384 2876 agentes
394 2813 420 2862 in
436 2815 504 2863 omni
535 2829 592 2862 men
609 2821 679 2886 tuum
696 2812 830 2875 gloriosum
847 2824 892 2874 pro
909 2816 961 2857 tam

77 2875 169 2988 pietate
184 2882 209 2925 et
226 2877 345 2936 castitate,
358 2876 504 2927 sacrificium
533 2877 641 2941 benigna
657 2875 811 2940 providentia
832 2873 961 2923 laudamus

101 2939 157 2989 udis
184 2946 210 2989 et
275 2941 371 3000 tiarum,
396 2958 442 3006 pro
464 2943 503 2992 his
534 2949 558 2990 et
566 2942 711 2990 extollimus.
733 2937 959 3002 PerJesumChris-

78 3003 250 3054 misericordiis
269 3005 325 3067 tuis,
347 3006 393 3056 tibi
411 3006 503 3071 jugiter
534 3005 856 3054 tumDominumnostrum
868 3005 956 3053 ΑΜ.

123 1809 174 1858 Pro
187 1811 253 1860 Pace
264 1814 365 1887 publiea
376 1815 445 1864 domi

225 1885 343 1927 restituta.

142 3173 174 3224 29
