2092 3450
320 168 451 226 Dantinirn
468 169 504 224 H.
521 174 578 237 nost
595 169 773 235 Epiphaniam.
1020 40 1032 247 j

109 318 153 366 sed
162 319 341 384 etiampropter
349 319 530 367 conscientiam
564 325 600 366 eet
622 317 670 376 hic,
695 318 754 382 quia
779 320 848 367 venti
870 327 895 367 et
922 335 990 368 mare

111 384 172 431 Ideo
183 383 249 431 enim
260 391 284 431 et
295 383 386 431 tributa
397 383 516 446 praestatis
527 401 533 432 ι
563 382 681 436 obediunt
693 383 735 430 ei?
762 383 801 430 >Et
817 399 873 431 cum
885 385 991 432 venisset

109 447 213 495 ministri
225 447 290 496 enim
307 447 355 494 Dei
371 455 435 504 sunt,
448 447 475 494 in
485 447 534 496 hoc
563 454 630 495 trans
647 447 736 495 fretum
750 447 777 495 in
794 447 921 510 regionem
940 448 989 496 Ge·

110 512 191 574 ipsum
199 511 337 559 servientes.
358 510 466 560 Reddite
474 526 533 574 ergo
561 526 711 570 rasenorum,
727 519 884 560 occurrerunt
900 511 924 560 ei
940 512 991 559 duo
1034 520 1036 577 ξ

110 575 224 623 omnibus
237 575 336 624 debita:
353 575 392 623 cui
404 574 529 633 tributum,
562 575 682 624 habentes
701 575 831 635 daemonia,
851 575 883 624 de
901 587 989 624 monu·
1034 580 1036 626 ἶ

109 639 244 687 tributum:
267 639 306 686 cui
324 638 436 702 vectigal,
457 640 533 687 vecti·
563 639 652 687 mentis
676 647 799 697 exeuntes,
824 640 883 689 saevi
904 640 986 698 nimis,
1034 652 1036 657 ·

109 702 167 764 gal:
193 703 233 752 cui
254 703 374 761 timorem,
405 703 533 751 timorem:
562 703 598 750 ita
608 711 635 751 ut
651 719 725 751 nemo
736 710 819 767 posset
833 705 936 752 transire
947 719 991 767 per
1031 660 1036 754 i

110 767 149 814 cui
160 767 287 828 honorem,
300 767 426 815 honorem.
562 767 629 814 viam
650 767 726 815 illam
763 767 796 815 Et
819 783 878 817 ecce
899 769 990 816 clama-
1021 767 1033 783 ”

563 837 657 890 verunt,
679 832 805 880 dicentes:
830 831 898 894 Quid
918 832 990 880 nobis
1033 800 1036 899 Ι

234 893 405 964 Ehangsslium.
563 903 588 942 et
599 895 652 954 tibi,
664 896 725 960 Jesu
733 895 782 943 Fili
794 895 861 944 Dei?
893 896 990 944 Venisti

563 959 611 1008 huc
622 966 679 1007 ante
690 966 787 1022 tempus
803 968 917 1023 torquere
928 963 991 1009 nos?

206 999 231 1048 S·
247 999 318 1048 Μω-
330 1016 379 1047 vm·
395 1011 433 1061 ²3·
564 1024 624 1071 Erat
640 1032 723 1071 autem
739 1039 790 1072 non
806 1024 881 1086 longe
892 1025 924 1073 ab
941 1025 991 1072 illis

174 1087 197 1135 T
213 1088 360 1137 ascendente
376 1103 405 1136 eo
421 1089 447 1136 in
464 1089 532 1136 navi·
561 1103 622 1149 grex
636 1088 770 1135 multorum
786 1103 918 1150 porcorum
935 1104 990 1152 pas·

205 1153 294 1212 culam,
311 1152 387 1200 secuti
403 1159 459 1200 sunt
476 1168 531 1201 eum
562 1167 625 1200 cens
662 1152 795 1199 Daemones
816 1158 900 1200 autem
919 1169 991 1215 roga·

109 1215 222 1278 discipuli
242 1216 308 1278 ejus:
333 1225 357 1264 et
376 1231 432 1264 ecce
451 1223 532 1265 motus
562 1216 622 1263 bant
638 1231 703 1274 eum,
722 1216 848 1264 dicentes:
871 1216 900 1265 si
923 1216 991 1278 ejicis

108 1296 211 1342 magnus
226 1280 304 1328 factus
320 1288 356 1328 est
372 1280 399 1327 in
414 1280 483 1338 mari,
497 1281 533 1328 ita
561 1295 607 1328 nos
617 1279 683 1338 hinc,
697 1279 769 1327 mitte
784 1295 830 1328 nos
845 1280 872 1328 in
889 1296 990 1344 gregem

109 1351 136 1391 ut
158 1344 272 1391 navicula
293 1344 428 1407 operiretur
454 1344 531 1393 flucti-
562 1359 699 1406 porcorum.
720 1343 864 1392 Etaitillis:
883 1345 929 1393 Ite
953 1345 990 1393 At

109 1408 172 1467 bus;
188 1408 241 1472 ipse
249 1424 307 1457 vero
318 1408 461 1456 dormiebat.
499 1409 531 1456 Et
562 1407 598 1455 illi
610 1415 725 1456 exeuntes
735 1407 987 1472 abieruntinporeos,

108 1479 261 1520 accesserunt
287 1472 319 1521 ad
341 1487 398 1520 eum
419 1472 532 1535 discipuli
563 1479 587 1520 et
598 1487 655 1520 ecce
665 1472 759 1535 impetu
770 1472 832 1520 abiit
848 1479 915 1521 totus
931 1489 991 1536 grex

108 1536 167 1596 ejus,
192 1543 217 1584 et
253 1536 428 1584 suscitaverunt
465 1552 529 1595 eum,
563 1551 722 1599 perpraeceps
731 1535 757 1583 in
765 1551 847 1585 mare:
863 1544 888 1586 et
899 1537 990 1586 mortui

108 1601 235 1648 dicentes:
258 1601 373 1658 Domine,
392 1600 461 1648 salva
476 1616 529 1660 nos,
563 1600 656 1648 suntin
670 1600 747 1663 aquis.
782 1600 989 1650 Pastoresautem
1032 1642 1036 1651 .

108 1665 221 1726 perimus.
258 1664 291 1712 Et
313 1665 372 1712 dicit
392 1665 427 1712 eis
444 1665 532 1727 Jesus:
563 1664 694 1726 fugerunt:
710 1671 734 1712 et
745 1664 871 1713 venientes
888 1666 915 1712 in
931 1667 989 1714 civi-

109 1728 176 1788 Quid
185 1728 264 1776 timidi
274 1728 337 1787 estis,
347 1729 451 1777 modicae
460 1727 534 1776 fidei?
563 1736 647 1785 tatem,
666 1728 839 1776 nuntiaverunt
856 1730 948 1789 omnia,
966 1738 989 1778 ei

108 1793 179 1839 Tunc
192 1808 299 1854 surgens,
314 1792 442 1855 imperavit
453 1793 533 1841 ventis
563 1792 595 1840 de
606 1793 641 1840 eis
652 1792 695 1855 qui
706 1792 830 1840 daemonia
840 1793 986 1842 habuerant.

108 1864 131 1903 et
152 1857 220 1915 mari,
235 1864 259 1905 et
278 1856 342 1904 facta
361 1864 397 1904 est
415 1857 532 1920 tranquil·
564 1856 597 1903 Et
604 1871 660 1904 ecee
668 1863 720 1903 tota
728 1856 814 1904 civitas
823 1857 882 1905 exiit
891 1858 990 1905 obviam
1024 1888 1036 1911 ..

108 1920 163 1967 litas
185 1936 280 1982 magna„
322 1921 398 1968 Porro
420 1920 532 1969 homines
562 1920 621 1983 Jesu
632 1937 639 1978 ;
661 1928 686 1967 et
703 1920 756 1968 viso
774 1936 804 1968 eo
823 1922 944 1983 rogabant
963 1930 989 1969 ut

109 1985 188 2030 mirati
210 1991 274 2041 sunt,
294 1983 420 2033 dicentes:
445 1984 532 2046 Qualis
563 1982 801 2032 transiretafinibus
812 2000 904 2034 eorum

292 2131 422 2187 &ammira
439 2131 539 2188 &uinta
554 2134 612 2199 auat
628 2130 805 2199 Epiphaniam.

266 2226 366 2281 ffifflfiss·
563 2246 657 2294 viscera
675 2246 856 2305 misericordiae,
878 2246 991 2310 benigni-

168 2335 331 2383 AMILIAM
348 2343 424 2394 tuam,
438 2350 532 2398 quaesu·
564 2318 647 2370 tatem,
655 2311 825 2370 humilitatem,
833 2311 988 2370 modestiam,

200 2415 262 2458 mus,
282 2400 397 2458 Domine,
417 2400 533 2448 continua
563 2375 724 2448 Ratientiam
754 2381 927 2437 supportantes
954 2375 990 2422 in'

109 2462 199 2525 pietate
211 2463 323 2522 eustodi3
339 2470 366 2511 ut
378 2480 433 2526 quae
443 2464 470 2511 in
480 2463 534 2512 sola
563 2454 649 2513 Y¹cf³m2
668 2447 693 2487 Εἴ
715 2438 835 2487 d0¹¹³¹¹¹e⁵
857 2439 991 2487 V0hismet·
1027 2441 1036 2454 ¹

109 2543 152 2589 spe
160 2527 244 2589 gratiae
251 2527 355 2576 coelestis
364 2528 482 2587 innititur,
491 2535 533 2575 tua
563 2517 630 2565 ΨΜ,
644 2503 664 2550 Si
681 2503 735 2565 ‘inis
750 2503 867 2550 advessus
883 2502 993 2566 aliquem

109 2607 205 2653 semper
226 2592 378 2654 protectione
399 2592 529 2639 muniatur.
563 2566 638 2640 ωε(
655 2567 797 2629 querelam
817 2566 880 2614 Sicut
897 2574 922 2614 ‘t
940 2567 992 2615 Do'

110 2656 251 2718 PerJesum
264 2655 389 2703 christum
398 2656 534 2704 Dominum
564 2646 644 2678 mrnus
672 2631 773 2678 donavit
800 2631 879 2704 yobis,
905 2631 941 2678 ita
968 2638 993 2679 et

563 2710 614 2741 vos.
652 2694 731 2757 Super
742 2710 826 2742 omma
837 2702 920 2742 autem
928 2694 991 2754 haec,

565 2757 708 2806 charitatem
735 2758 832 2816 habete,
860 2758 929 2821 quod
956 2767 994 2807 est

254 2836 379 2904 Diffi·
566 2822 995 2935 {imiimnn‘izssfi0ff‘c0iinb

195 2925 342 2975 AdC01055·
357 2926 390 2974 fii·
408 2938 443 2973 ¹²·
564 2950 657 3007 vestris,
677 2950 770 3012 inqua
793 2956 818 2998 et
835 2951 917 2998 vocati
935 2952 995 3000 ostis

45 3014 51 3026 ‘
116 3012 367 3132 INDUITEyosv
387 3013 534 3088 ergolsicut
565 3017 591 3061 in
621 3029 673 3062 uno
706 3028 807 3077 corpore
829 3022 896 3088 :set
929 3016 994 3088 grati

181 3077 530 3136 electrDer,sanct1etdrlecn,
565 3084 648 3126 estote.
677 3077 789 3126 Verbum
797 3077 993 3128 Chnstrhabrtet

169 3141 204 3195 46

109 2727 225 2767 nostrum.
262 2721 350 2767 Amen.
