2040 3458
280 169 317 227 ln
332 164 510 236 lauriitatinnt
525 163 618 219 Butae
634 160 746 223 fauna.

64 317 129 382 ignis
148 317 272 377 conflans,
293 324 319 367 et
337 317 408 382 quasi
422 318 501 367 herba
530 317 590 382 ejus,
601 325 629 368 nt
640 318 888 370 facerentsecundum
899 337 956 370 con·

64 383 204 432 fullonum:
224 391 250 431 et
266 382 363 431 sedebit
379 383 497 442 conflans,
530 385 683 433 suetudinem
693 384 859 449 legisproeo:
870 393 895 434 et
904 386 957 449 ipse

65 454 89 495 et
104 447 247 496 emundans
258 455 395 511 argentum,
409 455 500 511 etpur·
529 449 625 512 accepit
647 464 702 497 eum
721 450 746 497 in
762 449 833 497 ulnas
849 465 912 508 suas,
932 458 957 498 et

64 510 133 574 pabit
143 510 212 560 filios
228 511 299 570 Levi,
313 519 338 560 et
354 511 446 560 colabit
457 527 500 561 eos
528 512 655 561 benedixit
664 514 753 572 Deum,
761 521 785 561 et
794 514 870 562 dixit:
882 513 957 563 Nunc

65 575 135 640 qnasi
154 591 254 634 aarum,
277 583 302 624 et
322 575 391 640 quasi
413 591 499 638 argen-
529 577 633 625 dimittis
641 593 737 626 servum
747 586 824 637 tuum,
836 578 953 637 Domine,

65 639 499 698 meteruntDominood'erentes
529 643 663 690 secundum
690 643 792 690 verbum
823 650 900 702 tuum,
930 643 957 690 in

65 703 186 753 sacrificia
197 704 224 752 in
233 703 336 767 justitia
372 704 406 752 Et
417 705 499 768 place·
529 720 605 768 pace:
621 706 680 770 quia
695 707 808 754 viderunt
825 706 889 754 oculi
906 707 956 754 mei

65 767 229 817 bit'Domiuo
240 767 387 817 sacrificium
396 768 463 832 Juda
474 777 499 817 et
529 769 634 818 salutare
656 779 740 818 tuum:
770 771 837 845 quod
864 772 956 835 parasti

63 832 212 896 Jerusalem,
227 832 290 881 sicut
304 833 358 881 dies
368 833 459 892 saeculi,
474 841 499 881 et
529 841 586 882 ante
608 834 695 882 faciem
717 851 828 884 omnium
851 835 955 899 populo·

65 896 313 960 sicutanniantiqui.
340 897 374 945 Et
382 898 499 945 accedam
529 914 598 946 rum:
620 898 704 946 lumen
726 899 758 946 ad
782 899 956 948 revelationem

66 961 98 1009 ad
108 976 155 1010 vos
172 961 199 1009 in
218 959 321 1023 judicio,
335 969 360 1010 et
376 977 419 1010 ero
430 962 499 1010 testis
528 962 646 1025 gentium,
661 971 685 1011 et
695 963 800 1026 gloriam
816 963 896 1027 plebis
907 971 955 1013 tuae

65 1024 139 1074 velox
149 1024 279 1084 maleficis,
293 1034 319 1074 et
334 1025 459 1085 adulteris,
474 1033 499 1074 et
530 1027 613 1075 lsrael.
650 1027 683 1076 Et
705 1036 757 1076 erat
775 1036 844 1091 pater
862 1029 915 1091 ejus
931 1035 957 1076 et

65 1089 178 1153 perJuris,
206 1096 232 1138 et
254 1090 298 1153 qui
319 1089 500 1139 calumniantur
528 1100 608 1139 mater
625 1092 743 1140 mirantes
757 1108 831 1156 super
847 1093 886 1141 his
900 1108 955 1156 quae

65 1154 207 1203 mercedem
229 1155 381 1213 mercenarii,
400 1155 496 1213 viduas,
529 1155 673 1203 dicebantur
690 1156 722 1204 de
739 1156 789 1205 illo.
827 1157 860 1205 Et
881 1158 955 1205 bene·

66 1226 91 1266 et
101 1217 221 1282 pupillos,
235 1225 261 1267 et
275 1218 418 1282 opprimunt
429 1234 498 1282 pere·
529 1220 590 1267 dixit
609 1220 657 1268 illis
678 1219 787 1279 Simeon,
805 1229 830 1269 et
845 1221 907 1269 dixit
923 1221 956 1269 ad

66 1283 173 1345 griuum,
213 1297 260 1331 nec
287 1284 421 1331 timuerunt
447 1298 497 1342 me,
530 1284 637 1332 Mariam
662 1293 766 1332 matrem
794 1284 861 1348 ejus:
889 1286 956 1334 Ecce

66 1347 126 1396 dicit
137 1346 265 1396 Dominus
276 1347 432 1396 exercituum,
529 1349 623 1411 positus
635 1356 672 1396 est
682 1349 723 1397 hic
739 1350 764 1396 in
775 1351 871 1397 ruinam
888 1358 913 1398 et
930 1351 956 1397 in

529 1414 729 1461 resurrectionem
764 1414 898 1461 multorum
929 1415 956 1461 in

195 1476 370 1544 ibannrlinn.
530 1477 614 1551 Israel,
637 1477 705 1525 etin
725 1477 822 1552 signum
839 1478 877 1552 cui
897 1493 955 1553 con·

182 1575 332 1626 s.Lucaeii.
345 1588 383 1625 2²·
529 1542 956 1669 hildegildisilimgllilisfnii

73 1662 159 1789 ET
166 1671 309 1779 postquam
321 1665 424 1742 'impleti
442 1677 500 1717 sunt
529 1670 667 1718 revelentur
688 1686 719 1718 ex
739 1670 823 1718 multis
841 1671 955 1719 cordibus

184 1730 221 1778 ies
232 1737 383 1793 purgationis
399 1747 452 1794 ejus
463 1748 500 1780 se·
529 1735 697 1796 cogitationes.
746 1735 778 1782 Et
800 1744 852 1783 erat
879 1736 955 1783 Anna

66 1794 176 1843 cundum
187 1793 268 1857 legem
286 1795 376 1858 Moysi,
391 1796 499 1846 tulerunt
528 1798 690 1862 prophetissa,
713 1797 764 1846 filia
786 1798 904 1858 Phanuel,
924 1800 956 1848 de

65 1859 136 1907 illum
148 1858 175 1906 in
189 1857 334 1922 Jerusalem,
348 1867 375 1908 ut
386 1860 499 1910 sisterent
528 1863 593 1910 tribu
605 1864 683 1911 Aser:
699 1863 752 1911 haec
763 1871 913 1924 processerat
928 1864 955 1911 in

65 1939 121 1971 eum
145 1922 266 1982 Domino,
291 1923 353 1972 sicut
380 1925 498 1988 scriptum
528 1927 614 1975 diebus
631 1927 722 1985 multis,
742 1935 766 1975 et
783 1929 876 1976 vixerat
898 1944 953 1976 cum

66 1994 101 2036 est
111 1988 140 2035 in
152 1986 208 2050 lege
217 1987 335 2036 Domini:
347 1987 413 2050 Quia
423 2004 498 2038 omne
527 1991 581 2039 viro
597 2007 642 2040 suo
663 1992 734 2040 annis
753 2001 847 2055 septem
870 2007 885 2039 a
907 1993 954 2040 vir·

65 2051 493 2115 masculinumadaperiensvulvam,
527 2055 630 2118 ginitate
652 2071 702 2104 sua
750 2055 783 2104 Et
805 2056 859 2104 haec
880 2057 955 2104 vidua

65 2123 180 2164 sanctum
189 2115 300 2164 Domino
311 2117 455 2166 vocabiturz
472 2127 497 2165 et
526 2135 603 2184 usque
614 2120 646 2168 ad
657 2135 735 2168 annos
754 2121 880 2184 octoginta
895 2135 955 2184 qua-

65 2188 91 2229 ut
114 2180 205 2228 darent
226 2179 334 2228 hostiam
361 2183 496 2230 secundum
527 2191 596 2232 tuor:
620 2199 675 2248 quae
694 2199 744 2232 non
765 2185 907 2233 discedebat
923 2186 955 2233 de

65 2245 134 2309 quod
153 2244 249 2292 dictum
271 2252 308 2293 est
329 2244 355 2293 in
370 2244 425 2308 lege
443 2247 495 2295 Do·
526 2247 628 2311 templo,
636 2247 736 2311 jejuniis
745 2256 769 2297 et
781 2249 954 2299 obsecrationi·

65 2309 135 2368 mini,
156 2323 204 2372 par
225 2316 353 2369 turturum,
371 2319 414 2358 aut
433 2310 496 2359 duos
526 2312 573 2361 bus
583 2314 775 2361 serviensnocte
791 2329 819 2362 ac
836 2315 883 2362 die.
921 2314 954 2362 Et

64 2373 150 2486 pullos
168 2372 345 2422 columbarum.
390 2374 423 2423 Et
439 2390 496 2423 ecce
526 2375 587 2434 haec,
609 2377 663 2440 ipsa
685 2377 747 2425 hora
768 2378 950 2441 superveniens,

82 2453 144 2488 omo
165 2445 218 2486 erat
240 2437 267 2485 in
281 2437 426 2501 Jerusalem,
456 2440 495 2487 cui
526 2440 689 2489 confitebatur
697 2441 822 2502 Domin03
839 2451 862 2490 et
870 2443 954 2506 loque·

65 2517 159 2551 nomen
182 2501 292 2561 Simeon,
311 2508 336 2551 et
355 2503 432 2552 homo
450 2503 496 2552 iste
526 2505 599 2553 batur
613 2506 645 2554 de
662 2506 705 2554 illo
722 2507 837 2554 omnibus
854 2508 896 2570 qui
913 2522 953 2554 ex-

62 2567 144 2630 justus
161 2572 186 2615 et
202 2565 337 2626 timoratus,
352 2574 496 2631 exspectans
526 2570 658 2632 pectebant
666 2571 862 2633 redemptionem
869 2570 949 2619 Isra‘e‘l.

64 2630 263 2680 consolationem
282 2631 366 2691 lsrael,
389 2640 414 2681 et
439 2631 495 2696 Spi-
527 2633 561 2681 Et
572 2641 599 2682 ut
610 2634 762 2698 perfecerunt
774 2636 858 2683 omnia
869 2650 952 2682 secun·

64 2696 126 2745 ritus
148 2694 256 2745 Sanctus
273 2696 370 2744 eratin
387 2712 424 2745 eo.
462 2697 496 2745 Et
526 2699 586 2746 dum
616 2699 697 2762 legem
725 2700 835 2757 Domini,
863 2698 953 2746 reversi

64 2774 211 2824 responsum
229 2767 356 2823 acceperat
372 2775 388 2808 a
400 2761 495 2824 Spiritu
526 2763 624 2811 suntin
640 2762 770 2811 Galilaeam
787 2763 812 2810 in
830 2762 953 2811 civitatem

65 2825 167 2883 Sancto,
190 2838 243 2872 non
261 2824 368 2872 visurum
388 2841 415 2874 se
431 2841 496 2874 mor·
529 2842 598 2875 suam
616 2826 748 2876 Nazareth.
785 2827 849 2874 Puer
871 2835 953 2874 autem

64 2888 179 2948 tem,nisi
191 2888 360 2952 priusvideret
369 2888 495 2938 Christum
528 2891 659 2950 crescebat,
706 2898 731 2939 et
772 2891 955 2939 confortabatur

64 2953 176 3002 Domini.
214 2953 248 3002 Et
266 2953 334 3001 venit
353 2953 379 3002 in
401 2953 496 3017 Spiritu
527 2955 615 3018 plenus
626 2954 760 3018 sapientia:
776 2962 800 3004 et
815 2955 894 3018 gratia
905 2953 955 3003 Dei

64 3019 91 3066 in
110 3016 239 3081 ternplum.
275 3017 310 3065 Et
325 3032 382 3066 cum
396 3018 496 3067 induce·
527 3019 677 3068 eratinill0.

63 3089 119 3131 rent
141 3097 247 3145 puerum
267 3081 354 3145 Jesum
380 3090 495 3146 parentes

131 3157 178 3201 123
