2092 3450
87 166 143 211 lna·
160 165 186 211 ι’.
468 151 576 219 sasaim.
733 139 739 150 '
835 148 880 195 ‚ai
896 147 963 207 tosp.

110 316 152 367 Ne
160 312 500 381 perdaseumimpmneus,
534 307 964 373 bernamloejushoetiemvom'sere·

78 380 285 430 animammeam
302 395 310 429 s
328 385 426 428 etcum
444 376 503 426 viris
534 372 964 441 tionismntaboetpealmumdi·

77 445 226 509 sanguinum
236 444 313 493 vitam
322 457 422 492 meams
533 438 717 490 ostomino.
784 501 790 515 ·

110 509 142 558 In
160 523 265 573 quorum
280 506 394 555 manibus
413 504 502 569 iniqui·
567 502 672 563 Exaudi,
714 501 833 562 Domine,
873 514 964 551 vocem

77 581 140 623 tates
155 579 213 623 sunt
226 588 234 621 a
249 570 350 620 dextera
365 585 451 620 eorum
466 585 502 618 re·
533 583 623 628 meam,
637 581 687 631 qua
696 565 845 617 clamaviad
855 571 902 617 te:
917 566 964 615 mi·

77 638 144 702 pleta
155 643 193 687 est
202 635 350 685 muneribus
533 647 613 682 serere
623 632 680 690 mei,
694 637 720 680 et
730 630 820 680 exaudi
830 645 880 680 me.

110 702 166 766 Ego
176 707 259 750 autem
267 698 441 749 ininnocentia
447 713 503 747 mea
566 695 624 745 Tibi
640 695 703 745 dixit
714 710 757 744 cor
768 709 861 754 meum,
876 693 964 770 exqui-

78 767 199 828 ingressns
215 779 270 813 sum
284 781 291 813 ι
307 762 401 813 redime
415 778 463 822 me,
478 770 503 811 et
533 760 591 810 sivit
617 767 643 809 te
663 759 737 809 iacies
758 774 848 835 mesu:
873 758 965 808 factem

78 831 192 879 miserere
202 828 259 877 mei.
534 833 611 885 tuam,
625 823 742 884 Domine,
755 837 889 887 requiram.

111 894 158 942 Pes
168 907 238 943 meus
245 891 313 942 stetit
321 891 347 940 in
355 890 503 940 directozin
566 888 609 939 Ne
629 894 725 938 avertas
746 887 836 936 faciem
857 893 964 936 mama

78 956 375 1016 ecclesiisbeuedicamte,
383 955 499 1005 Domine.
534 968 575 1003 me
589 970 596 1002 ε
612 968 645 1003 ne
654 951 763 1002 declines
777 952 804 1001 in
814 952 852 1001 ira
862 966 880 1001 a
890 966 964 1001 servo

534 1024 585 1067 tuo.

126 1103 192 1148 lum
206 1100 237 1146 l(
274 1096 455 1162 &tiletanus
567 1080 676 1157 &dium
691 1096 761 1131 Μ
777 1086 849 1141 θῗθῖ
866 1078 964 1157 Ψῗθ·

534 1144 658 1259 relrnpueas
668 1162 710 1196 me
723 1163 730 1195 a
745 1159 827 1221 neque
838 1144 965 1209 despicias

163 1235 292 1283 Psasuns
309 1232 420 1283 xxvn.
534 1225 583 1269 Μ’
638 1209 790 1286 ¹3³⁸²¹¹¹t⁸¹¹³
800 1223 878 1259 Μ*

567 1273 694 1337 Quoniam
748 1278 963 1332 ermeusetms·

147 1334 312 1386 OMINUS
355 1335 504 1384 illuminatio
534 1337 665 1398 termea,d
717 1336 963 1403 ‘queruntmeeDo

175 1416 232 1450 mea
253 1417 260 1449 ε
287 1406 313 1449 et
339 1400 404 1449 salus
428 1416 503 1460 mea3
534 1403 709 1452 minusautem
719 1401 911 1465 assumpsitme.

79 1481 152 1530 quem
163 1465 277 1514 timebo?
566 1466 661 1531 Legem
676 1481 743 1531 pone
755 1465 826 1525 mibi,
841 1464 961 1526 Domine,

111 1529 235 1578 Dominus
241 1526 503 1591 protectorvitaemeae=
534 1530 561 1579 in
572 1531 613 1580 via
624 1538 666 1580 tua
680 1546 686 1581 :
704 1538 729 1580 et
744 1529 823 1593 dirige
834 1544 876 1578 me
887 1529 915 1578 in
925 1545 964 1579 se·

79 1610 95 1642 a
122 1609 154 1642 uo
163 1591 311 1655 trepidabo?
534 1595 621 1643 mitam
629 1602 728 1655 rectam,
738 1601 840 1658 propter
848 1592 963 1643 inimicos

138 1673 180 1706 um
200 1655 349 1719 appropiant
370 1671 444 1719 super
463 1671 503 1704 me
534 1674 609 1708 meos.

80 1727 245 1769 nocentestut
253 1719 327 1768 edant
334 1735 418 1768 carnes
425 1735 504 1780 meas;
567 1723 608 1772 Ne
625 1722 753 1772 tradideris
770 1737 810 1771 me
827 1721 853 1770 in
867 1722 963 1771 animas

112 1785 162 1847 Qui
169 1783 332 1833 tribulantme
339 1784 431 1832 inimici
440 1785 503 1832 mei:
535 1787 705 1836 tribulantium
721 1803 769 1845 me,
789 1786 909 1850 quoniam
926 1787 963 1835 in·

78 1850 126 1913 ipsi
147 1848 264 1897 infirmati
285 1857 343 1897 sunt
364 1856 389 1897 et
411 1848 504 1897 cecide·
535 1851 775 1901 surrexeruntinme
784 1857 857 1899 testes
866 1850 963 1915 iniqui:

80 1920 143 1962 mnt.
535 1923 560 1964 et
571 1916 674 1964 mentita
685 1924 722 1964 est
732 1915 849 1979 iniquitas
860 1915 916 1963 sibi

113 1977 141 2026 si
161 1977 295 2027 consistant
315 1976 445 2025 adversum
464 1992 505 2025 me
569 1979 650 2028 Credo
661 1980 744 2028 videre
759 1979 827 2028 bona
840 1978 964 2028 Domini:

81 2048 160 2089 castra
171 2058 177 2088 z
189 2056 239 2090 non
250 2041 347 2090 timebit
359 2056 400 2089 cor
411 2056 501 2089 meum.
536 2043 562 2092 iu
573 2051 638 2092 terra
647 2043 789 2092 viventium

114 2105 141 2153 Si
168 2111 281 2168 exsurgat
308 2105 438 2153 adversum
465 2121 505 2153 me
568 2108 692 2171 Exspecta
703 2108 849 2167 Dominum,
861 2106 965 2157 viriliter

80 2168 211 2231 praelium:
223 2169 249 2217 in
259 2169 308 2218 hoc
319 2184 365 2232 ego
376 2170 487 2232 sperabo.
536 2187 582 2234 age
597 2189 603 2220 ι
620 2180 645 2220 et
656 2172 809 2221 confortetur
822 2187 867 2222 cor
882 2180 961 2232 tuum,

114 2233 198 2282 Unam
209 2233 269 2296 petii
281 2248 296 2281 a
308 2233 426 2292 Domino,
441 2233 505 2282 hanc
536 2244 561 2284 et
571 2235 663 2285 sustine
675 2236 819 2285 Dominum.

81 2296 505 2360 requiramzutinhabitemindomo

82 2361 185 2409 Domini
206 2361 321 2410 omnibus
342 2361 429 2411 diebus
448 2362 506 2410 Viiae
612 2389 740 2437 PSALMUS
757 2387 885 2441 XXVIII¹

82 2439 150 2473 meae.

115 2489 151 2538 Ut
167 2489 264 2538 videam
280 2489 434 2552 voluptatem
452 2489 505 2537 Do·
596 2489 622 2538 D
641 2496 673 2548 te,
694 2488 810 2550 Domine,
831 2490 966 2552 clamabo;

83 2553 194 2602 minitat
204 2554 301 2602 visitem
313 2561 363 2602 tem
381 2553 433 2602 lum
444 2553 502 2616 ejus.
540 2592 557 2612 ι
630 2553 698 2602 Deus
714 2569 792 2612 meus,
811 2569 844 2603 ne
861 2554 935 2605 sileas
951 2572 967 2604 a

115 2617 240 2678 Quoniam
267 2569 395 2666 abscondit
418 2633 458 2666 me
480 2619 506 2666 in
538 2633 597 2667 me:
611 2633 643 2666 ne
655 2617 754 2681 quando
765 2624 849 2668 taceas
863 2635 931 2669 atne
942 2628 966 2668 et

83 2681 506 2731 tabemaculosnoindiemalorumz
538 2682 692 2730 assimilabor
713 2681 921 2733 descendentibus
941 2685 966 2733 in

83 2746 268 2807 protexitmein
276 2746 420 2795 abscondito
428 2746 506 2795 taber·
538 2747 626 2795 lacum.

84 2810 164 2858 naculi
175 2810 219 2858 sui.
571 2809 674 2868 Exaudi,
690 2810 806 2870 Domine,
819 2826 910 2861 vocem
924 2813 966 2862 de·

117 2874 147 2922 In
168 2882 238 2937 petra
257 2873 373 2923 exaltavit
394 2890 460 2923 me:
483 2882 508 2923 et
538 2874 686 2938 precationis
707 2889 769 2924 meae
791 2875 853 2924 dum
869 2892 915 2925 oro
935 2877 967 2925 ad

85 2952 149 2985 nnnc
164 2938 279 2987 exaltavit
291 2945 364 3002 caput
375 2954 458 2988 meum
469 2955 507 2987 su·
540 2946 580 2987 te:
592 2938 652 2986 dum
661 2938 752 2987 extollo
761 2954 849 2988 manus
859 2955 928 2989 meas
935 2941 967 2989 ad

85 3016 128 3063 per
139 3001 251 3051 inimicos
261 3018 336 3052 meos.
539 3009 590 3051 tem
608 3002 870 3054 lumsancmmtuum.

118 3064 232 3125 Circuivi,
246 3073 271 3114 et
288 3066 413 3115 immolavi
430 3067 456 3114 in
472 3073 508 3115 ta·
599 3065 694 3114 esimul
703 3067 784 3116 trahas
793 3083 834 3117 me
842 3084 901 3118 cum
910 3084 965 3134 pec·

148 3141 198 3192 230
