2092 3450
446 118 625 177 numurus.

83 272 121 323 tui
136 270 212 323 solius
227 278 265 323 est
279 272 378 323 veniam
392 272 453 324 dure
467 272 511 324 de·
540 273 621 324 orndo
641 272 798 324 convertitur.
838 272 881 323 Tu
903 270 972 324 enini

83 337 206 387 lictorum.
248 337 326 388 Parce
346 337 420 387 nobis
440 353 507 402 ergo,
540 338 677 389 misericors
710 354 737 389 es
769 338 848 398 Deus,
878 338 971 388 Plenus

85 401 511 477 Domineparcepopulotuoquem
540 403 733 462 miserationum,
759 402 925 466 Lougauimis
946 412 971 452 et

83 466 224 527 redemisti3
244 481 296 516 non
310 466 386 516 intres
402 466 429 515 in
444 467 510 530 Judi-
540 467 675 517 miserator.
698 467 781 516 Parcis
788 467 971 531 nobispoennm

84 530 150 580 cium
160 545 217 579 cum
227 530 307 590 nobis,
321 530 365 595 qui
374 530 431 579 vilis
446 537 511 580 terra
540 532 705 593 merentibus;
718 532 752 580 Et
761 531 837 580 etiam
848 531 926 580 iratus
933 547 970 580 re·

83 610 174 655 sumus,
199 601 224 643 et
245 593 328 643 miseri
355 601 511 658 pecmtores;
540 596 648 646 cordatis
658 595 858 645 misericordiam
892 595 971 645 Parce

83 659 127 708 sed
148 658 185 708 ita
205 658 268 707 iram
289 664 357 707 tunm
378 666 474 708 avertas
494 675 511 708 a
574 660 634 724 pulo
659 668 710 719 tuo,
734 675 816 724 parce,
841 660 970 719 Domine;

83 722 163 781 nobis,
193 721 371 786 turpitudinem
400 731 509 773 nostram
565 731 626 773 tne
643 725 688 773 des
709 724 879 773 haereditstem
900 732 970 773 tuam

83 786 412 850 humiliterngnoscentibus,
424 795 449 836 et
460 788 510 836 cul·
540 789 566 836 in
588 789 755 864 opprobrium
792 789 891 837 Exaudi
913 804 967 846 noe,

83 867 128 915 pas
149 858 244 900 nostros
263 865 294 899 ex
312 851 396 901 animo
418 851 510 900 doflen·
541 852 657 913 Domine,
671 853 730 918 quia
743 868 836 916 magna
848 853 969 902 estmise·

84 916 156 974 tibus,
175 914 251 964 etita
266 915 293 964 in
308 914 357 964 hoc
372 916 463 965 saeculo
477 917 510 964 ad
541 917 646 966 ricordia
672 924 734 966 tua:
766 917 801 966 Et
832 917 970 966 secumdum

83 979 250 1042 adjuvandum
276 995 322 1029 nos
348 979 456 1040 festines,
482 987 511 1045 nt
540 980 970 1031 multitudinemmiserationumtua·

83 1044 110 1092 in
125 1043 207 1092 futuro
227 1049 309 1092 tecum
330 1059 428 1108 semper
442 1044 509 1093 viva-
540 1061 595 1094 rum
608 1046 701 1110 respice
711 1061 765 1094 nos.
802 1046 907 1109 Propter
917 1060 970 1094 me-

84 1123 146 1156 mus.
197 1107 246 1156 Per
270 1108 356 1172 Jesum
384 1108 510 1157 Christum
540 1110 588 1159 rita
601 1110 725 1159 benedicti
736 1109 795 1158 Filii
811 1109 856 1169 tui,
872 1109 969 1158 Media·

85 1171 221 1221 Dominum
231 1179 349 1222 nostrum.
385 1175 474 1222 Amen.
540 1176 600 1223 toris
624 1180 648 1223 et
671 1174 774 1222 Domini
798 1173 885 1233 nostri,
908 1174 970 1239 Jesu

541 1238 640 1288 Christi.
679 1239 769 1287 Amen.

92 1300 193 1351 Deinde
204 1298 311 1365 populus
322 1299 390 1364 quod
406 1299 518 1364 sequitur

123 1367 199 1426 dicat,
212 1372 339 1430 praeeunte
350 1364 474 1417 Ministro.
559 1363 743 1414 Deindesolus
755 1362 822 1413 dicat
835 1363 961 1421 Minister,

143 1472 316 1522 ONVERTE
326 1487 380 1532 nos,
390 1471 507 1531 Domine,
598 1465 788 1517 ENEDICAT
814 1464 889 1515 nobis
915 1465 970 1516 Do

174 1543 199 1586 et
210 1542 386 1586 oonvertemur.
423 1536 509 1610 Propi·
630 1531 719 1591 minus,
733 1537 758 1580 et
769 1530 892 1579 custodiat
907 1546 970 1580 nos:

83 1601 131 1649 tius
158 1608 218 1659 esto,
244 1600 360 1659 Domine,
386 1600 510 1664 Propitius
539 1603 666 1647 convertat
705 1595 828 1644 Dominus
871 1594 969 1644 vultum

83 1672 135 1712 esto
152 1663 245 1729 populo
261 1670 312 1724 tuo,
327 1663 377 1726 Qui
393 1665 426 1712 ad
442 1672 467 1713 te
483 1663 509 1711 in
540 1677 611 1710 suum
630 1675 703 1724 super
720 1674 772 1717 nos,
792 1666 817 1707 et
836 1658 879 1707 det
896 1660 969 1708 nobis

83 1728 149 1787 fletu,
168 1729 195 1777 in
211 1727 314 1791 jejunio,
333 1735 358 1777 et
374 1728 400 1777 in
416 1727 509 1790 suppli·
540 1741 626 1789 pacem
637 1740 702 1772 nune
714 1730 738 1772 et
748 1739 852 1787 semper.
876 1725 965 1772 Amen.
