2092 3450
151 224 153 228 λ
194 117 298 200 tirio
324 118 366 197 ah
393 116 632 199 uiritantem
658 116 874 197 infirmnm.

92 289 158 337 Cum
175 289 231 354 quis
248 297 358 352 aegrotet,
379 289 404 336 id
423 289 534 337 Parocho
552 298 587 337 est
605 290 772 338 indicandum.
810 290 868 352 Ipse
884 296 975 343 autem,

95 357 98 362 '
301 355 392 402 infirmi
404 356 505 403 domum
518 355 666 418 ingrediens,
680 356 764 413 dicat;

192 554 240 603 bus
250 553 419 602 habitantibus
429 552 457 601 in
467 567 503 600 ea.
584 549 705 627 Minister.
731 551 803 600 Nihil
813 550 926 616 proficiat
937 550 982 600 ini·

93 648 136 696 Ad
153 647 279 696 infirmnm
302 650 422 743 accedens
444 666 518 714 genu·
584 676 661 739 Resp⁸
695 680 729 729 Et
756 679 821 729 filius
847 679 984 744 iniquitatis

223 713 300 763 flexus
312 715 377 763 dm
389 753 395 773 ’
559 759 609 792 non
614 751 730 813 'apponat
741 759 830 793 nocere
841 745 870 793 ei.

98 799 187 927 ΝΕ
212 807 382 869 reminiscaris,
407 806 525 866 Domine,
583 803 704 853 Minister.
734 809 796 858 Esto
813 808 844 868 ei,
864 807 980 867 Domine,

189 873 280 922 delicta
290 880 382 932 nostra,
391 872 432 922 vel
440 888 527 936 paren·
558 873 631 922 turris
641 872 797 922 fortitudinis.

100 937 524 996 tumnostrorumrParce‚Domine,
583 931 658 993 Rcsp.
687 936 786 986 Aiacie
796 936 896 986 inimici

558 629 636 664 micus
647 614 674 664 in
685 630 723 665 eo.

99 1018 175 1067 parce
190 1002 285 1066 populo
301 1010 352 1061 tuo,
368 1016 442 1066 quem
459 1001 527 1049 rede-
582 996 703 1044 Minister.
741 1001 858 1060 Domine,
895 1001 984 1051 exaudi

99 1067 168 1116 misti
183 1066 293 1131 pretioso
308 1066 429 1129 sanguine
438 1071 488 1124 tuo,
503 1073 528 1113 et
559 1065 695 1115 orationem
706 1072 822 1115 nostram

98 1131 169 1181 nein
182 1137 302 1180 aeternum
317 1131 428 1179 irascaris
444 1129 524 1179 nobis.
583 1123 658 1186 ReSP·
689 1130 723 1179 Et
742 1130 835 1180 clamor
853 1136 937 1179 noster
952 1130 985 1178 ad

125 1191 203 1254 Resp.
212 1195 288 1244 Parce
298 1195 378 1254 nobis,
393 1194 509 1243 Domine.
558 1200 584 1244 te
593 1194 683 1244 veniat.

146 1289 247 1339 Deinde
259 1289 325 1337 ucat
337 1290 459 1348 Minister,
698 1267 821 1314 Mfflsstes·

629 1348 783 1408 ESHCE,
810 1348 926 1407 Domine,
954 1348 986 1396 de

656 1414 728 1472 coeio,
739 1419 764 1462 et
774 1412 831 1461 vide
843 1419 867 1461 et
877 1413 950 1461 visita
961 1420 986 1460 et

132 1477 322 1542 Kyriceleison.
558 1477 641 1526 refove
666 1478 732 1526 hunc
759 1477 878 1525 famulum
905 1484 981 1525 tuum.

134 1543 330 1592 Christeeleison.
560 1541 985 1606 Respicesupereumoculismiseri-

70 1652 76 1668 ,
131 1608 212 1670 Kyrie
223 1607 321 1656 eleison.
559 1605 984 1665 cordiaetuae3daeiconsolationem

559 1677 584 1719 et
594 1669 710 1719 fiduciam
722 1671 747 1719 in
758 1677 797 1729 te;
814 1677 916 1734 protege
929 1685 985 1718 enm

559 1735 591 1783 ab
607 1734 702 1783 insidiis
718 1734 829 1794 inimici3
850 1742 874 1782 et
890 1735 986 1782 custodi

559 1815 615 1847 eum
627 1799 653 1847 in
661 1806 780 1863 perpetua
791 1814 853 1862 pace
862 1805 886 1847 et
897 1797 981 1847 salute.

559 1864 607 1912 Per
615 1863 701 1926 Jesnm
711 1863 836 1912 Christum
849 1862 985 1910 Dominum

558 1935 676 1976 nostrum.
712 1931 800 1976 Amen.

258 1382 371 1433 Oremus.

35 447 59 994 ς
160 489 213 540 AX
229 488 288 538 huic
303 486 396 548 domui,
411 493 436 537 et
446 485 525 537 omni·
584 484 660 546 Resp.
687 485 721 536 Et
732 502 830 550 semper
840 494 907 536 tuere
916 502 979 536 eum.

159 1706 259 1755 ATER
278 1712 368 1766 noster,
392 1707 435 1770 qui
456 1722 482 1756 es
501 1707 528 1755 in

201 1770 277 1832 coelis,
298 1771 468 1820 Sanctificetur
483 1787 527 1819 no·

99 1851 157 1884 men
168 1841 246 1884 tuum.
283 1835 409 1884 Adveniat
425 1851 528 1898 regnum

99 1907 177 1949 tuum.
215 1899 272 1948 Fiat
287 1899 402 1949 voluntas
418 1906 469 1958 tua,
488 1900 526 1949 Si·

98 1963 259 2023 cutincoelo,
269 1964 327 2012 etin
336 1970 407 2013 terra„
433 1965 527 2017 Panem

98 2035 211 2077 nostrum
223 2027 394 2091 quotidianum
408 2028 527 2077 danobis
564 2018 746 2142 EXAUDI
761 2044 814 2088 nos,
828 2029 985 2092 omnipotens

67 2128 70 2136 .
98 2093 180 2142 hodie.
210 2092 244 2140 Et
252 2092 350 2141 dimitte
361 2092 433 2141 nobis
442 2092 527 2142 debita
642 2093 811 2142 etmisericors
820 2091 985 2141 DensetSal·

98 2164 190 2215 nostra,
205 2156 275 2205 Sicut
287 2163 311 2205 et
321 2172 367 2205 nos
380 2157 527 2205 dimittimus
558 2164 642 2218 vator3
659 2158 786 2221 praetende
802 2157 900 2206 solitam
914 2156 984 2204 boni-

99 2221 252 2270 debitoribus
263 2221 359 2270 nostris.
395 2221 429 2270 Et
439 2237 471 2270 ne
481 2237 527 2270 nos
559 2228 635 2271 tatem
651 2228 720 2270 tuam
737 2237 810 2286 super
825 2221 891 2270 hunc
907 2220 985 2267 samu-

99 2285 201 2334 inducas
223 2285 250 2333 in
270 2285 451 2345 tentationem
476 2286 527 2336 Sed
558 2287 611 2336 lum
632 2292 710 2346 tuum,
730 2301 804 2361 quem
825 2292 898 2333 vexat
919 2283 985 2332 infir-

99 2348 177 2398 libera
187 2348 345 2398 nosamalo.
381 2350 471 2398 Amen.
558 2351 639 2400 mitas.
676 2351 715 2400 Sit
726 2367 757 2408 er,
772 2364 918 2413 quaesumus,
932 2347 986 2396 haec

124 2410 248 2458 Minister·
268 2413 371 2464 Salvum
381 2414 420 2462 sac
428 2429 525 2464 servum
558 2421 661 2479 paterna
677 2423 720 2464 tua
738 2414 856 2463 correctio
875 2412 901 2460 in
917 2427 986 2460 sanc-

100 2483 176 2528 tunm.
558 2479 718 2529 tificationem
729 2497 736 2538 3
752 2486 780 2527 ut
791 2493 841 2542 quo
856 2476 936 2540 magis
950 2476 986 2524 in-

126 2540 204 2602 Resp·
228 2542 345 2604 Domine,
354 2543 527 2608 sperantemin
559 2543 700 2593 firmitatem
716 2557 786 2591 suam
805 2541 901 2600 sentiat,
920 2541 987 2590 etin

100 2612 131 2657 te.
559 2607 609 2657 fide
617 2609 648 2657 sit
660 2607 760 2666 firmior,
771 2606 829 2655 etin
840 2605 986 2670 poenitentia

123 2671 247 2720 Minister.
277 2671 353 2722 Mitte
368 2671 392 2722 ei
408 2672 527 2722 auxilium
559 2673 686 2733 sinceri013
715 2670 987 2731 uatenns,sitibibene·

102 2734 131 2785 de
140 2742 234 2786 sancto.
559 2737 679 2802 placitum
697 2688 781 2787 inerit
807 2735 950 2786 sanitatem
970 2733 1007 2780 'nx

164 2811 210 2864 193
524 2813 544 2853 N
