2092 3450
303 133 318 163 l

58 161 119 209 Dies
131 159 207 208 XIX.
445 152 554 218 iflssulntl.
815 149 860 196 Ad
870 148 932 195 Mul.

56 317 148 350 meus:
165 301 333 350 misericordia
354 307 404 360 tua,
432 301 484 349 Do·
549 299 635 348 Hodie
645 298 667 348 si
677 313 764 347 vocem
776 296 828 361 ejus
839 297 943 346 audieri-

56 366 132 426 mine,
146 365 279 429 adjuvabat
287 381 333 414 me.
515 363 548 413 tis
562 364 658 415 :nolite
673 363 794 412 obdurare
805 363 880 412 corda
889 378 942 412 ves·

90 431 234 480 Secundum
247 429 430 479 multitudinem
440 430 485 479 do·
516 436 569 489 tra3

57 495 139 543 lorum
148 510 260 544 meorum
278 495 304 542 in
319 495 393 544 corde
407 510 485 543 meo:
550 493 619 543 Sicut
636 492 663 541 in
684 490 842 540 irritatione:
858 506 943 540 secun-

57 559 240 608 consolationes
266 566 315 608 tuae
346 557 485 608 laetificave·
516 557 576 606 dum
598 557 665 606 diem
689 555 832 605 tentationis
853 555 879 603 in
901 556 943 604 de·

57 630 114 672 runt
124 624 234 672 animam
244 639 333 672 meam.
517 629 588 670 serto.
674 662 677 672 .

89 689 221 752 Numquid
231 687 340 736 adhaeret
356 687 402 735 tibi
415 687 486 736 sedes
550 685 602 736 Ubi
624 691 779 734 tentaverunt
800 699 840 732 me
861 690 943 747 patres

57 752 215 817 iniquitatis:
232 752 275 816 qui
291 751 363 816 fingis
374 752 485 801 laborem
516 751 618 827 vestri:
641 750 807 814 probaverunt
837 763 885 807 me,
918 757 943 797 et

57 818 241 945 rngagtcaeffigt?
249 881 276 929 in
286 881 395 929 animam
403 879 463 943 justi
479 898 485 929 :
515 816 813 942 miguriladssgirlzmaiinis
835 877 942 926 offensus

56 952 82 994 et
92 947 237 1008 sanguinem
253 946 410 994 innocentem
426 955 496 993 con·¹
515 943 551 992 fui
571 942 724 1007 generationi
750 942 811 990 illi:
834 948 859 990 et
880 942 939 1001 dixi,

57 1011 217 1059 demnabunt.
516 1005 842 1072 Semperhierrantcorde.
954 1065 955 1068 Ἴ

89 1075 123 1123 Et
134 1074 213 1123 factus
229 1079 267 1122 est
282 1073 344 1122 mihi
360 1073 483 1122 Dominus
548 1073 582 1121 Et
592 1072 633 1120 isti
644 1087 694 1120 non
712 1077 879 1134 cognoverunt
889 1071 942 1118 vias

22 1193 28 1201 ¹
56 1138 215 1201 inrefngium
229 1156 236 1187 ε
252 1145 277 1187 et
289 1139 358 1187 Deus
371 1153 441 1186 meus
457 1138 484 1186 in
514 1153 582 1186 meas
597 1154 603 1185 :
619 1143 647 1184 ut
655 1136 736 1198 juravi
747 1137 773 1183 in
783 1135 821 1183 ira
836 1150 899 1194 mea,
915 1135 942 1184 Si

56 1203 206 1267 adjutorium
217 1203 270 1266 spei
281 1219 350 1252 meae.
513 1201 650 1251 introibunt
661 1201 686 1248 in
698 1200 806 1264 requiem
817 1214 906 1248 meam.

15 1322 18 1326 ,
89 1268 124 1317 Et
145 1267 233 1316 reddet
259 1267 308 1316 illis
329 1265 483 1330 iniquitatem

56 1332 175 1396 ipsorum,
196 1340 221 1380 et
240 1331 267 1380 in
285 1331 380 1379 malitia
399 1347 483 1379 eorum
554 1373 557 1379 .
729 1372 733 1382 .

55 1396 182 1460 disperdet
201 1411 264 1444 eos:
281 1396 407 1459 disperdet
427 1395 484 1444 illos
600 1375 729 1423 PSALMUS
744 1373 840 1423 XCVI·

56 1461 180 1510 Dominus
192 1461 260 1509 Deus
270 1468 360 1509 noster.
574 1462 723 1511 ANTATE
740 1462 851 1512 Domino
865 1472 940 1511 cantr-

508 1464 561 1590 Ε
609 1543 666 1576 cum
699 1543 791 1576 novum
815 1545 821 1576 :
845 1535 941 1576 cantate

77 1601 146 1649 Drns
159 1599 233 1647 XIX.
271 1595 311 1650 &t
322 1593 480 1654 matutinas.
516 1592 626 1641 Domino
638 1592 718 1641 omnis
729 1600 800 1641 terra

548 1658 653 1707 Caritate
677 1657 796 1716 Domino,
821 1663 844 1705 et
867 1657 936 1704 bene·

155 1698 285 1745 PsnnMus
302 1695 383 1745 XCV·
514 1721 700 1770 diciteNomini
708 1721 760 1784 ejus
775 1739 782 1769 ι
798 1722 940 1770 annuntiate

120 1785 241 1844 ΕΝΙΤΕ,
264 1784 412 1834 exsultemus
431 1785 483 1833 Do·
514 1785 546 1834 de
556 1786 597 1835 die
608 1786 634 1833 in
645 1785 712 1834 diem
723 1786 828 1834 salutare
840 1785 898 1848 ejus.

152 1851 221 1899 mino
242 1868 249 1898 :
270 1849 403 1913 jubilemus
426 1849 483 1898 Deo
546 1849 701 1898 Annuntiate
718 1850 781 1898 inter
791 1857 876 1913 gentes
887 1849 940 1913 glo-

54 1914 157 1964 salutari
167 1922 258 1963 nostro.
514 1914 576 1962 riam
588 1914 640 1976 ejus
654 1931 661 1963 ε
676 1914 703 1962 in
717 1914 940 1978 omnibuspopulis

87 1979 292 2043 Praeoccupemus
320 1978 408 2026 faciem
430 1978 482 2040 ejus
514 1979 637 2027 mirabilia
648 1977 706 2041 ejus

54 2045 81 2092 in
98 2043 252 2092 consessione
270 2060 276 2091 :
293 2050 318 2092 et
337 2044 362 2091 in
381 2042 483 2106 psalmis
547 2042 672 2104 Quoniam
687 2058 790 2106 magnus
807 2043 937 2101 Dominus,

52 2108 188 2172 jubilemus
198 2108 229 2156 ei.
514 2114 539 2156 et
562 2107 693 2156 laudabilis
715 2108 809 2156 nimis:
826 2107 940 2156 terribilis

88 2172 214 2234 Quoniam
231 2172 300 2221 Deus
314 2186 417 2234 magnus
431 2171 482 2219 Do·
513 2179 550 2221 est
561 2187 635 2235 super
645 2187 730 2220 omnes
741 2173 807 2220 deos.

55 2237 137 2285 minus
152 2254 159 2285 ε
176 2245 200 2285 et
221 2252 264 2285 rex
285 2251 388 2299 magnus
410 2251 483 2299 super
547 2237 671 2299 Quoniam
687 2251 773 2285 omnes
784 2237 819 2285 dii
830 2236 940 2300 gentium

55 2316 143 2350 omnes
154 2300 220 2349 deos.
514 2300 638 2349 daemonia
663 2319 669 2350 :
694 2301 831 2349 Dominum
858 2308 940 2350 autem

89 2365 156 2428 Quia
182 2365 209 2413 in
236 2380 311 2413 manu
343 2364 395 2427 ejus
426 2370 483 2412 sunt
514 2365 590 2414 coelos
601 2365 665 2414 fecit

55 2445 142 2478 omnes
163 2429 225 2478 fines
249 2436 341 2478 terrae:
358 2437 382 2478 et
401 2428 482 2477 altitu·
547 2430 678 2479 Confessio
696 2429 898 2494 etpulchritudo
914 2430 940 2476 in

56 2494 128 2545 dines
138 2495 261 2543 montium
271 2493 348 2557 ipsius
359 2500 422 2542 sunt.
514 2501 648 2557 conspectu
657 2493 709 2557 ejus
724 2511 730 2542 ε
747 2493 908 2542 sanctimonia
916 2500 941 2541 et

88 2558 214 2621 Quoniam
224 2559 301 2622 ipsius
317 2565 354 2606 est
369 2572 445 2616 mare,
459 2563 484 2605 et
514 2557 697 2622 magnificentia
709 2559 735 2606 in
748 2557 940 2607 sanctificatione

55 2623 109 2687 ipse
120 2623 179 2672 iecit
193 2623 255 2671 illud
270 2640 276 2671 :
294 2629 318 2670 et
329 2622 420 2670 siccam
431 2638 483 2669 ma·
515 2623 574 2686 ejus.

55 2703 102 2736 nus
112 2686 165 2750 ejus
176 2687 348 2736 formaverunt.
546 2687 641 2736 Afferte
653 2687 770 2744 Domino,
784 2686 871 2750 patriae
882 2701 940 2748 gen·

88 2752 180 2800 Venite
201 2752 331 2800 adoremus
358 2758 383 2799 et
402 2750 481 2814 proci·
513 2752 583 2810 tium,
604 2752 689 2800 afferte
708 2751 817 2799 Domino
836 2750 941 2813 gloriam

55 2817 143 2865 damus
154 2822 179 2864 et
189 2816 314 2880 ploremus
325 2822 382 2863 ante
393 2815 481 2863 Domi·
514 2824 539 2864 et
563 2816 683 2864 honorem
699 2832 705 2863 ε
722 2815 806 2863 afferte
830 2814 940 2863 Domino

55 2895 116 2929 num
133 2881 176 2944 qui
195 2880 252 2929 fecit
270 2895 317 2929 nos
332 2897 338 2928 ε
354 2879 413 2943 quia
428 2879 482 2944 ipse
513 2880 618 2944 gloriam
630 2878 734 2928 Nomini
745 2879 804 2942 ejus.

55 2951 93 2994 est
105 2945 227 2994 Dominus
240 2945 308 2993 Deus
318 2951 402 2992 noster
416 2961 422 2991 :
547 2943 640 2993 Tollite
649 2943 750 3002 hostias,
765 2951 789 2992 et
800 2943 899 2992 introite
915 2943 940 2992 in

88 3008 122 3058 Et
133 3025 178 3058 nos
189 3009 296 3073 populus
307 3023 405 3072 pascuae
413 3007 482 3071 ejus:
515 3008 578 3056 atria
594 3007 646 3071 ejus
661 3025 667 3056 :
684 3008 785 3058 adorate
805 3009 939 3058 Dominum

54 3081 80 3124 et
91 3088 151 3124 oves
161 3089 248 3122 manus
259 3073 318 3137 ejus
516 3073 541 3120 in
553 3072 615 3120 atrio
626 3079 711 3121 sancto
723 3071 782 3136 ejus.

119 3149 168 3184 nro
