2040 3458
106 146 210 195 Dian:
491 146 602 215 lesum.
868 152 977 205 nanu

27 300 30 305 '
96 300 177 351 filium
210 301 297 353 nstris
328 308 379 353 tuse
413 304 525 380 ponebas
554 304 617 355 estis
642 302 976 375 meisretommiuiqul·

97 364 259 428 scandalum
289 366 345 419 huc
376 366 463 430 iecisti,
499 375 526 420 et
554 370 770 423 mtoemusdele.

98 430 171 481 tacui
587 433 639 485 Cur
659 434 783 485 muudum
803 450 863 487 eres
882 436 911 487 iu
934 452 975 496 me,

130 494 283 546 Existimasti
299 495 383 561 inique
398 496 466 562 quod
482 512 525 549 ero
555 496 644 549 Deusr
659 505 686 549 et
701 498 821 565 spiritum
836 506 932 553 rectum
947 500 977 553 in·

98 558 524 624 tuisimilisssrguemteetsta·
554 562 884 616 uovsiuvlweribusmeis.

98 623 448 675 tusmooutmsaciemtunm
589 626 755 693 Neprojlciss
768 628 976 681 messalem:

131 688 265 752 Intelligite
275 688 337 749 lraec,
348 689 391 754 qui
401 689 526 741 oblivisci·
556 697 582 741 et
597 690 718 757 Spiritum
734 691 939 745 Sanctumtuum
951 708 977 743 ne

98 751 273 802 miuiDeums
289 753 423 818 nequando
434 755 523 822 rapiet,
556 754 736 807 scimusne.

98 822 124 866 et
134 831 186 866 nou
196 817 229 866 sit
239 817 282 882 qui
293 817 388 882 eripiet
591 818 680 871 Redde
689 820 880 873 mihilaetitiam
896 822 977 873 mlum·

131 880 285 931 Sacrificium
305 880 386 931 laudis
407 881 526 934 honorifi·
556 884 591 935 ris
611 882 668 935 tuit
689 891 715 935 et
737 884 835 951 Spiritu
854 886 977 953 principii

98 944 164 995 csbit
190 960 250 996 me:
265 952 291 996 et
317 945 369 995 illic
394 946 442 996 iter
475 962 527 1015 quo
556 946 733 999 confirmante.

98 1008 458 1064 ostendsmtllisalutarenet
590 1012 976 1087 Docebotniquosviastpms

556 1076 628 1192 imp}
621 1076 682 1193 bg
681 1084 708 1129 te
717 1084 903 1193 coagmentum
921 1143 974 1203 h

701 1156 744 1193 me
781 1158 798 1193 ο
1019 1181 1020 1188 .

216 1168 347 1219 Psnuuus
363 1168 408 1219 Li.
558 1204 635 1267 Dm,
659 1204 730 1257 Dm
750 1158 939 1259 maffia
957 1212 976 1259 ε
1018 1253 1020 1262 ¹

186 1270 343 1323 ISERERE
359 1271 417 1333 mel,
442 1270 528 1321 Deusc
557 1268 786 1337 emulubitlimm
800 1271 976 1338 majuuunn

218 1335 528 1401 secuudummsgncmmi·
558 1340 635 1386 tuam.

99 1399 344 1451 sericordimntuam.
587 1396 860 1460 Dominelabismes
929 1400 936 1413 '
971 1416 976 1449 ε
1014 1397 1016 1422 ²

132 1463 166 1514 Et
187 1464 322 1515 secundum
341 1463 525 1515 mutitudine-
555 1464 881 1515 etosmeumsuuuutisbit
1015 1471 1016 1482 ²

98 1528 526 1580 miserationumtuarumcdeleiui·
556 1535 632 1578 tuem.
1017 1577 1018 1590 ¹

100 1593 219 1657 quitatem
230 1608 318 1643 meam.
590 1591 715 1655 Quoniam
732 1593 754 1643 si
772 1593 893 1644 voluisses
913 1596 976 1644 sacri·

132 1658 249 1721 Amplius
265 1658 321 1706 lava
336 1674 377 1707 me
389 1658 421 1707 ab
437 1656 525 1721 iniqui·
556 1655 647 1716 ficium,
661 1656 784 1706 dedissem
794 1658 900 1722 utique:
915 1657 976 1708 holo·

100 1728 151 1770 tate
172 1738 247 1771 mea:
263 1730 288 1772 et
310 1738 325 1772 a
347 1730 448 1787 peccato
470 1737 526 1771 meo
557 1721 646 1770 caustis
656 1736 708 1769 non
718 1721 889 1773 delectaberis.

99 1787 192 1835 munda
203 1802 250 1835 me.
590 1784 743 1835 Sacrificium
753 1786 809 1835 Deo
821 1787 976 1851 spirituscon·

133 1851 258 1912 Quoniam
275 1851 429 1916 iniquitatem
445 1865 527 1899 meam
557 1848 707 1899 tribulatuss
729 1865 773 1899 cor
798 1851 932 1901 contritum
957 1857 977 1899 et

101 1929 147 1977 ego
175 1930 319 1978 cognosco:
347 1923 371 1965 et
398 1921 527 1979 peccatum
556 1913 720 1974 humiliatum,
741 1914 818 1974 Deus,
836 1931 888 1965 non
904 1915 976 1980 despi-

100 1994 183 2027 meum
194 1986 279 2028 contra
289 1995 330 2028 me
341 1988 378 2029 est
389 1995 491 2044 semper.
557 1978 613 2027 cies.

132 2043 191 2091 Tibi
207 2043 253 2092 soli
270 2045 378 2107 peccavi,
393 2051 418 2092 et
434 2042 527 2092 malum
590 2041 752 2106 Benigueiac,
763 2043 881 2104 Domine,
888 2044 914 2092 in
920 2045 978 2092 bona

101 2122 183 2155 coram
201 2114 225 2155 te
236 2107 282 2155 ieci
294 2125 299 2155 :
310 2115 337 2156 ut
346 2107 485 2171 justificeris
501 2107 527 2156 in
556 2105 685 2156 voluntate
704 2113 748 2155 tua
767 2107 849 2157 Sion:
865 2115 894 2158 ut
911 2106 978 2159 [edifi-

100 2171 253 2220 sermonibus
269 2171 325 2231 tuis,
339 2180 363 2221 et
371 2173 455 2222 vincas
471 2187 527 2221 cum
558 2178 644 2220 centur
654 2171 719 2220 muri
732 2171 899 2222 Hierusalem.

98 2235 222 2298 judicaris.
589 2235 661 2284 Tunc
680 2236 820 2299 acceptabis
841 2236 979 2287 sacrificium

134 2299 199 2348 Ecce
221 2299 287 2348 enim
308 2300 335 2348 iu
357 2300 526 2365 iniquitatibus
553 2298 663 2362 justitiae,
688 2299 836 2360 oblationes,
861 2308 886 2350 et
918 2302 979 2350 holo·

102 2370 234 2427 conceptus
250 2379 323 2412 sum:
340 2371 365 2413 et
376 2366 402 2413 in
418 2367 526 2430 peccatis
557 2371 658 2412 causta:
681 2371 740 2413 tuuc
761 2365 892 2428 imponent
915 2381 981 2429 super

101 2429 213 2492 concepit
224 2444 263 2476 me
275 2435 353 2477 mater
362 2445 425 2478 mea.
555 2428 633 2478 altare
643 2435 713 2478 tuum
724 2429 822 2478 vitulos

133 2493 199 2542 Ecce
216 2493 281 2541 euim
302 2494 430 2542 veritatem
449 2493 525 2542 dilex-

100 2558 158 2607 isti:
183 2557 276 2606 incerta
296 2564 321 2606 et
343 2557 438 2606 occulta
459 2559 523 2622 sapi·
678 2585 808 2636 Psicuus
824 2587 876 2637 ΠΙ

101 2623 174 2671 entiae
184 2630 234 2671 tuae
244 2621 404 2671 manifestasti
412 2622 480 2671 mihi.
878 2624 884 2636 ¹

133 2687 257 2751 Asperges
283 2702 324 2735 me
349 2684 465 2750 hyssopo,
500 2695 524 2735 et
630 2687 697 2738 UID
708 2686 821 2750 gloriaris
836 2688 982 2738 inmalitia:

100 2752 238 2800 mundabor
248 2769 254 2799 ε
263 2750 409 2810 lavabisme,
420 2758 445 2800 et
453 2767 526 2815 super
653 2752 696 2816 qui
706 2758 796 2815 potens
813 2768 840 2802 es
857 2754 884 2803 in
894 2753 979 2819 iniqui·

100 2817 183 2864 nivem
193 2816 333 2865 dealbabor.
654 2818 723 2865 tate?

133 2880 239 2928 Auditui
254 2896 311 2929 meo
322 2880 392 2929 dabis
409 2879 526 2943 gaudium
591 2881 657 2929 Tota
672 2881 713 2929 die
729 2879 878 2944 injustitiam
894 2884 983 2947 cogita·

103 2950 126 2992 et
137 2943 268 2994 laetitiam:
308 2952 332 2993 et
371 2944 527 2994 exsultabunt
558 2945 593 2993 vit
609 2944 694 3008 lingua
710 2951 771 2994 tua:
788 2946 852 2997 sicut
868 2947 985 2998 novacula

103 3023 158 3056 ossa
168 3008 303 3058 humiliata.
559 3016 631 3059 acuta
640 3009 719 3058 fecisti
729 3009 823 3060 dolum.

135 3073 228 3185 Averge
246 3073 334 3122 taciem
353 3081 420 3122 tuam
440 3089 455 3122 a
471 3088 528 3138 pec·
593 3073 707 3122 Dilexisti
723 3073 845 3124 malitiam
857 3091 932 3142 super
946 3076 985 3127 be·

164 3148 197 3200 24
878 3169 882 3180 «.
896 3180 911 3186 ,.
