2040 3458
268 149 404 207 bumiuira-
416 150 537 217 terretur
554 156 609 207 aute
625 152 737 221 itastis

213 300 338 368 finiatur.
524 305 551 353 in
568 304 670 370 templo,
689 306 806 380 recessit:
826 312 850 354 et
860 306 952 380 ¹abiens

168 410 314 476 AdPhssn·
329 410 354 460 ii·
371 418 393 472 ⁵·
525 369 952 498 titissitltttllfulsittt

145 498 192 548 OC
204 499 271 547 enim
282 497 370 547 sentite
378 498 405 545 in
414 497 492 555 vobis,
525 499 627 561 gentem,
652 498 785 547 dixemnt:
813 499 874 547 Non
895 499 953 547 licet

165 563 234 627 quod
243 570 268 611 et
276 563 303 611 in
313 562 413 611 Christo
420 562 496 625 Jesu:
526 578 568 611 eos
579 562 676 611 mittere
687 562 713 610 in
725 563 859 610 corbonam
871 580 877 612 :
894 563 953 626 quia

64 625 108 691 qui
128 641 187 676 cum
205 626 332 676 informa
353 626 402 674 Dei
421 632 493 684 esset,
526 627 633 690 pretium
659 626 783 689 sanguinis
806 634 849 675 est.
887 627 952 676 Con·

64 707 117 740 non
128 694 242 755 rapinam
253 692 384 739 arbitratus
395 697 496 738 estesse
525 691 580 739 silio
599 697 682 739 autem
701 691 771 749 inito,
791 699 902 739 emerunt
922 707 952 739 ex

64 755 223 820 seaequalem
235 755 308 803 Deo:
325 755 369 803 sed
380 755 496 818 semetip·
525 755 574 804 illis
585 771 671 818 agrum
680 753 756 818 figuli,
767 755 794 803 in
802 755 952 819 sepulturam

64 835 121 868 sum
144 819 281 870 exinaniuit
303 819 409 867 formam
432 819 495 867 servi
525 819 716 883 peregrinomm.
769 820 873 882 Propter
903 820 952 868 hoc

64 883 199 948 accipiens,
241 883 267 931 in
308 882 495 932 similitudinem
525 892 627 932 vocatus
650 891 685 932 est
708 899 766 946 ager
787 884 836 942 ille,
860 884 951 932 Hacel-

64 948 197 997 hominum
213 946 299 1006 iactus,
314 953 339 996 et
354 947 441 996 habitu
457 947 495 995 in·
526 948 607 1007 dama,
620 946 669 997 hoe
684 956 728 1005 est,
742 963 800 1010 ager
816 948 949 1012 sanguinis,

64 1019 155 1061 ventus
174 1018 203 1061 ut
225 1012 308 1060 homo.
346 1011 496 1060 Humiliavit
525 1028 603 1075 usque
636 1013 662 1060 in
696 1012 843 1060 hodiernum
874 1013 948 1061 diem.

65 1076 227 1140 semetipsum
238 1075 316 1124 sactus
327 1076 445 1124 obediens
456 1091 495 1124 us-
526 1077 598 1125 Tunc
617 1076 747 1140 impletum
763 1083 800 1124 est
816 1077 884 1139 quod
901 1077 951 1124 dic-

65 1156 115 1205 que
125 1141 158 1188 ad
170 1150 284 1200 mortem,
296 1146 401 1188 mortem
412 1146 495 1188 autem
526 1147 579 1188 tum
590 1148 627 1189 est
638 1156 682 1204 per
696 1141 829 1204 Jeremiam
846 1141 951 1204 prophe·

66 1205 151 1254 crucis.
190 1205 295 1268 Propter
305 1204 374 1267 quod
385 1211 409 1252 et
427 1204 496 1252 Deus
521 1212 585 1262 tam,
599 1205 741 1253 dicentem:
761 1205 794 1252 Et
805 1216 952 1268 acceperunt

66 1269 185 1317 exaltavit
201 1268 280 1327 illum,
300 1276 324 1316 et
340 1268 443 1316 donavit
459 1267 496 1315 illi
526 1269 627 1331 triginta
642 1276 769 1332 argenteos
786 1270 892 1332 pretium
908 1285 951 1333 ap·

67 1333 177 1392 Nomen,
194 1333 262 1396 quod
279 1339 316 1380 est
332 1347 406 1396 super
422 1347 496 1380 omne
526 1333 632 1396 pretiati,
656 1349 731 1396 quem
753 1334 951 1396 appretiaverunt

66 1413 178 1447 nomen:
197 1404 226 1444 ut
240 1397 266 1444 in
283 1396 393 1445 Nomine
407 1395 494 1460 JESU
525 1413 541 1444 a
552 1397 608 1446 filiis
626 1397 721 1446 Israel:
741 1407 765 1445 et
776 1397 896 1445 dederunt
909 1413 952 1446 eos

67 1477 141 1511 omne
150 1477 219 1525 genu
228 1460 340 1509 flectatur
348 1460 492 1519 coelestium,
525 1462 552 1509 in
563 1477 649 1524 agrum
661 1461 737 1524 figuli,
751 1461 813 1510 sicut
825 1462 951 1510 constituit

67 1525 218 1575 terrestrium
237 1533 262 1573 et
281 1525 451 1584 infemorum;
470 1532 495 1572 et
526 1526 587 1574 mihi
610 1526 739 1574 Dominus.
777 1526 849 1589 Jesus
869 1534 951 1574 autem

66 1589 147 1639 omnis
164 1590 251 1653 lingua
266 1589 417 1647 confiteatur,
437 1589 496 1652 quia
526 1591 593 1638 stetit
609 1597 667 1638 ante
682 1589 820 1653 praesidem,
837 1598 861 1638 et
877 1591 950 1638 inter-

67 1655 192 1703 Dominus
222 1654 294 1717 Jesus
325 1653 437 1702 Christus
468 1652 496 1701 in
526 1654 621 1716 rogavit
644 1669 700 1702 eum
725 1669 822 1717 praeses‚
848 1655 950 1703 dicens:

65 1719 145 1782 gloria
157 1724 194 1767 est
205 1718 255 1766 Dei
267 1718 353 1766 Patris.
526 1718 566 1766 Tu
580 1734 605 1767 es
623 1719 679 1767 Rex
689 1718 850 1780 Judaeorum?
883 1719 951 1766 Dicit

526 1782 563 1831 illi
577 1783 666 1846 Jesus:
685 1782 725 1831 Tu
741 1783 809 1831 dicis.
847 1782 880 1830 Et
895 1799 950 1831 cum

188 1888 360 1958 aucupium.
526 1847 951 1968 {tertianarum

160 2006 178 2056 s
202 2005 268 2054 Matt
290 2006 356 2054 xxvii
382 2018 392 2052 1
526 1975 659 2038 respondit.
710 1975 783 2024 Tunc
818 1976 879 2023 dicit
915 1976 951 2024 illi

181 2043 186 2054 '
269 2042 275 2054 ‘
358 2043 363 2053 “
396 2042 401 2054 ’
527 2039 639 2089 Pilatus:
677 2039 737 2088 Non
763 2041 833 2088 audis
859 2049 951 2104 quanta

155 2105 233 2154 ANE
249 2112 332 2153 autem
348 2104 421 2165 sacto,
437 2120 495 2153 con·
526 2105 656 2153 adversum
665 2111 689 2153 te
697 2105 782 2153 dicunt
794 2106 952 2154 testimonia?

188 2169 271 2218 silium
287 2169 394 2218 inierunt
410 2185 495 2218 omnes
528 2169 561 2216 Et
576 2185 627 2217 non
643 2170 770 2233 respondit
785 2170 808 2218 ei
824 2170 856 2218 ad
874 2171 950 2221 ullum

65 2233 191 2298 principes
222 2233 378 2282 sacerdotum
405 2240 430 2282 et
457 2249 494 2282 se·
526 2234 636 2292 verbum,
647 2235 718 2282 itaut
726 2235 950 2299 mirareturpraeses

65 2299 148 2347 niores
164 2298 251 2361 populi
268 2297 383 2346 adversus
397 2298 491 2361 Jesum
525 2299 688 2347 vehementer.
725 2298 774 2346 Per
786 2299 852 2348 diem
869 2307 950 2348 autem

65 2369 93 2410 ut
115 2377 175 2411 eum
196 2362 270 2410 morti
293 2363 423 2411 traderent.
461 2362 494 2411 Et
525 2361 661 2412 solemnem
681 2370 839 2412 consueverat
861 2379 950 2427 praeses

64 2427 177 2474 vinctum
203 2426 357 2474 adduxerunt
380 2441 445 2485 eum,
470 2434 495 2474 et
525 2428 619 2490 populo
641 2427 765 2476 dimittere
786 2444 863 2476 unum
884 2428 950 2475 vinc·

65 2491 220 2540 tradiderunt
237 2490 328 2539 Pontio
340 2490 421 2540 Pilato
432 2506 494 2554 prae·
525 2498 586 2549 tum,
596 2507 670 2555 quern
679 2491 827 2551 voluissent3
843 2492 950 2539 habebat

65 2555 119 2603 sidi.
157 2556 230 2602 Tunc
246 2555 333 2603 videns
346 2555 431 2618 Judas,
451 2555 494 2619 qui
525 2563 607 2604 autem
623 2564 682 2604 tunc
693 2556 803 2604 vinctum
819 2556 947 2618 insignem,

66 2635 123 2667 eum
143 2619 254 2678 tradidit,
276 2619 343 2682 quod
363 2620 494 2668 damnatus
525 2620 567 2682 qui
578 2620 706 2668 dicebatur
717 2620 849 2668 Barabbas.
886 2620 950 2667 Con·

66 2691 137 2744 esset,
163 2684 311 2746 poenitentia
336 2684 431 2744 ductus,
456 2699 493 2731 re·
525 2685 631 2747 gregatis
640 2684 761 2747 ergoillis‚
772 2684 833 2731 dixit
843 2683 950 2731 Pilatus:

65 2748 121 2795 tulit
148 2748 249 2810 triginta
273 2755 401 2811 argenteos
426 2749 492 2813 prin·
526 2748 608 2809 Quem
626 2749 700 2797 vultis
718 2748 841 2795 dimittam
861 2747 950 2795 vobis:

66 2812 162 2874 cipibus
179 2812 333 2861 sacerdotum
350 2819 375 2861 et
391 2813 492 2860 seniori·
526 2813 672 2870 Barabbam,
692 2828 724 2860 an
742 2812 834 2875 lesum,
854 2812 897 2874 qui
913 2811 950 2858 di-

64 2876 111 2924 bus
132 2875 237 2925 dicens:
260 2877 371 2936 Peccavi,
393 2877 492 2925 tradens
524 2878 587 2925 citur
604 2877 735 2925 Christus?
767 2875 867 2924 Sciebat
884 2876 951 2924 enim

65 2941 212 3004 sanguinem
242 2939 342 3003 justum.
388 2942 424 2989 At
455 2941 492 2989 illi
523 2941 591 3004 quod
607 2957 652 3004 per
662 2939 780 2988 invidiam
793 2940 952 2988 tradidissent

66 3005 197 3054 dixerunt:
226 3005 295 3066 Quid
316 3005 349 3052 ad
372 3007 438 3054 nos?
464 3012 491 3053 tu
524 3020 587 3053 eum.
625 3005 732 3053 Sedente
745 3010 828 3052 autem
844 3005 888 3054 illo
904 3017 952 3068 pro

65 3070 162 3119 videris.
200 3069 233 3118 Et
244 3069 359 3133 projectis
370 3070 491 3133 argenteis
524 3069 648 3127 tribunali,
670 3069 737 3117 misit
757 3068 789 3117 ad
811 3085 867 3118 eum
889 3080 953 3118 uxor

131 3143 163 3196 59
