2092 3450
325 149 397 206 tinia
415 150 529 207 Struma
546 156 603 218 urst
620 155 730 222 {taurin

92 288 118 336 in
140 288 240 338 dextera
262 287 312 339 Dei
332 288 434 338 sedens:
461 304 517 353 quae
548 287 658 352 cipulum
676 303 751 354 quern
770 289 870 338 amabat
887 289 972 402 1Ipsus,

91 368 187 402 sursum
204 359 260 402 sunt
279 353 365 418 sapite,
389 368 518 417 nonquae
547 359 572 401 et
590 352 651 401 dicit
670 353 733 402 illis:
749 353 871 402 Tulerunt
913 355 977 403 omi·

91 424 282 481 superterram
330 417 424 466 Mortui
451 417 518 466 enim
547 431 608 465 num
625 416 657 466 de
673 424 842 477 monumento,
856 424 881 467 et
897 418 977 467 nesci·

91 483 157 541 estis,
172 489 196 531 et
207 482 259 530 vita
268 487 350 531 vestra
365 488 403 530 est
414 481 517 530 abscon·
547 496 602 530 mus
612 480 656 530 ubi
667 488 801 544 posuerunt
811 497 875 531 eum
907 482 977 532 Exiit

91 545 421 595 ditacumChristoinDeo.
453 545 518 594 Cum
547 559 607 608 ergo
619 545 713 605 Petrus,
727 551 752 594 et
763 545 805 595 ille
821 545 884 595 alius
902 546 976 596 disci·

92 610 204 659 Christus
211 609 359 674 apparuerit,
367 609 419 658 vita
426 617 514 669 vestra,
546 609 628 672 pulus,
650 615 675 658 et
693 617 813 659 venerunt
834 611 868 659 ad
887 625 965 660 monn

90 685 150 724 tunc
171 681 196 724 et
216 689 262 723 vos
283 688 316 738 ap
333 674 433 723 arebitis
460 689 517 723 cum
547 680 665 722 mentum.
691 672 976 724 Currebantautemduo

90 737 272 802 ipsoingloria
301 689 516 802 tlonificateergo
547 737 627 797 simul,
653 744 678 786 et
697 737 743 786 ille
759 737 821 787 alius
838 739 976 803 discipulus

90 802 202 851 membra
211 809 300 861 vestra,
311 818 367 866 quae
378 810 434 852 sunt
443 818 517 866 super
547 801 704 865 praecucurrit
713 802 784 851 citius
789 803 900 864 Petro,et
907 803 976 853 venit

89 866 516 927 terram3fomicationem,immun-
547 866 641 929 primus
660 865 692 914 ad
708 873 903 916 monumentum.
940 867 974 917 Et

89 931 184 990 ditiam,
194 930 330 991 libidinem,
341 931 516 995 concupisceu·
546 945 603 978 cum
614 945 640 978 se
651 930 800 991 inclinasset,
813 931 877 987 vidit
892 931 976 996 posita

89 997 150 1043 tiam
160 995 260 1055 malam,
274 1002 299 1044 et
310 995 446 1054 avaritiam,
460 1011 515 1059 quae
545 993 697 1053 linteamina,
704 1010 755 1043 non
763 1001 846 1044 tamen
853 995 971 1045 introivit.

89 1065 126 1107 est
169 1059 355 1108 simulacrorum
398 1060 515 1109 servitus:
546 1057 622 1106 Venit
643 1073 702 1121 ergo
725 1059 812 1108 Simon
832 1059 920 1109 Petrus
936 1075 973 1109 se·

89 1129 191 1186 propter
200 1139 256 1188 quae
266 1124 377 1173 venitira
386 1123 435 1173 Dei
442 1139 516 1188 super
545 1137 622 1186 quens
633 1137 697 1182 eum,
712 1130 736 1172 ct
751 1123 862 1172 introivit
877 1123 904 1172 in
921 1140 974 1173 mo·

89 1187 153 1236 filios
169 1187 361 1238 incredulitatis:
382 1188 409 1237 in
425 1189 515 1253 quibus
544 1193 698 1246 numentum,
713 1195 737 1235 et
751 1187 814 1236 vidit
829 1187 975 1237 linteamina

89 1258 113 1300 et
132 1267 176 1300 vos
198 1252 341 1302 ambulastis
368 1252 510 1318 aliquando,
544 1251 633 1314 posita,
648 1258 672 1299 et
683 1251 808 1300 sudarium
818 1253 887 1316 quod
895 1252 974 1301 fuerat

88 1332 144 1364 cum
156 1317 268 1366 viveretis
278 1317 305 1366 in
315 1317 371 1366 illis.
544 1330 617 1390 super
627 1323 701 1390 caput
712 1315 772 1390 ejus,
785 1331 838 1366 uon
854 1331 911 1365 eum
926 1315 974 1367 lin·

227 1411 403 1480 etatulam·
544 1380 822 1493 tttmttttttt’
838 1380 916 1493 tim
945 1396 973 1494 3:

202 1494 227 1546 S·
241 1495 314 1559 J⁰²¹l
326 1512 365 1544 ¹¹·
381 1508 401 1545 ¹·
545 1523 608 1556 cum
652 1508 725 1558 Tunc
743 1523 802 1571 ergo
822 1508 933 1558 introivit
948 1517 973 1558 et

160 1572 213 1620 NA
225 1580 307 1620 autem
316 1571 421 1631 sabbati,
432 1571 514 1620 Maria
544 1572 587 1620 ille
598 1572 733 1636 discipulus
744 1573 787 1637 qui
804 1579 905 1622 venerat
922 1574 972 1637 pn'-

94 1577 153 1700 U
193 1635 342 1699 Magdalene
352 1635 420 1684 venit
430 1651 511 1695 mane,
544 1651 599 1684 mus
607 1637 639 1684 ad
646 1644 849 1686 monumentum:
867 1644 891 1686 et
900 1638 970 1698 vidit,

86 1717 142 1748 cum
154 1701 235 1750 adhuc
251 1700 358 1749 tenebrae
375 1707 462 1757 essent,
481 1700 513 1749 ad
545 1709 569 1748 et
580 1701 699 1749 credidit:
714 1701 826 1750 nondum
835 1702 901 1750 enim
913 1703 973 1751 scie·

86 1772 288 1813 monumentum:
300 1771 324 1813 et
331 1764 393 1812 vidit
405 1763 514 1828 lapidem
544 1765 605 1813 bant
614 1765 767 1828 scripturam,
774 1766 833 1829 quia
841 1767 973 1829 oportebat

86 1829 210 1877 sublatum
226 1845 242 1878 a
257 1835 426 1878 monumento.
463 1827 513 1877 Cu·
544 1829 740 1878 eumamortuis
751 1845 883 1892 resurgere.
910 1831 973 1878 Abi-

86 1893 160 1941 currit
175 1909 241 1956 ergo,
255 1897 280 1941 'et
295 1893 364 1941 venit
381 1893 413 1940 ad
431 1892 512 1942 Simo·
546 1899 617 1942 erunt
629 1909 687 1956 ergo
703 1893 792 1942 iterum
808 1893 923 1958 discipuli
940 1895 973 1944 ad

85 1973 142 2005 nem
159 1957 267 2018 Petrum,
282 1963 306 2006 et
323 1957 355 2005 ad
372 1957 448 2006 alium
464 1956 512 2006 dis-
545 1957 695 2021 semetipsos.

343 2082 414 2141 Setia
431 2082 546 2139 ,innata
562 2086 619 2152 unat
634 2082 742 2152 ituria

246 2173 346 2230 uratia.
603 2179 688 2233 itrrtin
701 2194 745 2245 pru
759 2179 886 2245 nutatura.

152 2275 365 2327 MNIPOTENS
379 2277 455 2337 Deus,
467 2275 510 2340 qui
680 2265 737 2312 Act·
753 2280 775 2312 κ
791 2275 829 2325 34

172 2355 218 2404 per
228 2341 381 2404 unigenitum
392 2348 462 2390 tuum
469 2341 510 2389 Fi·
608 2339 761 2390 PERIENS
780 2347 864 2389 autem
884 2341 973 2391 Petrus

82 2403 144 2452 lium
162 2405 248 2468 Jesum
270 2405 396 2454 Christum
414 2405 510 2454 aeterni·
640 2419 757 2463 ossuum,
772 2404 849 2453 dixit:
867 2405 898 2453 In
909 2407 972 2455 veri·

82 2470 140 2517 tatis
166 2470 239 2519 nobis
274 2470 377 2529 aditum,
413 2470 510 2518 devicta
542 2475 594 2518 tate
605 2469 722 2532 comperi,
736 2467 795 2532 quia
806 2484 857 2517 non
868 2476 905 2518 est
916 2486 971 2534 per·

82 2541 169 2592 morte,
192 2535 320 2594 reserasti;
339 2534 407 2582 Vota
425 2540 510 2583 nostra
542 2549 657 2582 sonarum
669 2540 783 2596 acceptor
792 2531 875 2582 Deus:
892 2535 936 2582 sed
945 2535 971 2582 in

82 2612 229 2660 quaesumus,
257 2614 313 2662 quae
335 2598 509 2662 praeveniendo
543 2597 611 2647 omni
622 2605 703 2660 gente,
717 2597 760 2661 qui
772 2597 843 2646 timet
860 2613 925 2657 eum,
946 2605 971 2648 et

81 2663 181 2725 aspiras,
189 2662 264 2711 etiam
271 2662 361 2726 jugiter
370 2662 510 2725 adjuvando
543 2678 558 2709 ο
577 2670 657 2711 eratur
666 2661 795 2725 justitiam,
807 2669 923 2725 acceptus
934 2670 971 2712 est

81 2741 235 2790 prosequere.
259 2727 307 2776 Per
315 2727 508 2790 eundemJesum
541 2678 586 2774 illi.
630 2726 741 2775 Verbum
753 2726 820 2774 misit
832 2725 902 2774 Deus
913 2726 971 2776 filiis

82 2790 208 2840 Christum
229 2791 366 2841 Dominum
387 2799 505 2849 nostrum,
542 2790 627 2850 lsrael,
648 2790 797 2838 annuntians
820 2805 908 2852 pacem
926 2807 972 2855 per

80 2854 123 2918 qui
145 2863 227 2904 tecum
248 2856 309 2905 vivit
331 2862 355 2904 et
377 2863 463 2918 regnat
482 2855 508 2903 in
538 2855 624 2918 Jesum
647 2855 772 2903 Christum
792 2854 844 2914 (hic
863 2861 900 2903 est
917 2871 970 2905 om·

79 2919 175 2968 unitate
194 2920 301 2983 Spiritus
322 2919 407 2971 Sancti
428 2920 504 2978 Deus,
540 2919 609 2968 nium
640 2918 793 2979 Dominus):
821 2918 875 2967 Vos
901 2920 971 2969 scitis

79 2997 125 3046 per
143 2984 227 3032 omnia
243 2983 332 3034 saecula
351 2983 502 3033 saeculorum
539 2984 607 3047 quod
629 2983 721 3032 factum
743 2990 780 3031 est
801 2983 905 3032 verbum
925 3000 970 3047 per

79 3049 166 3095 Amen.
539 3047 678 3097 universam
693 3047 827 3112 Judaeam:
847 3047 969 3112 incipiens

144 3110 175 3172 78
