2092 3450
305 154 379 211 orno
394 153 524 224 lssautnnt
540 153 705 212 stultorum.

87 283 116 332 in
141 282 250 332 Fontem
273 283 412 349 immergat,
433 283 487 334 haec
514 290 601 350 Patris,
632 297 657 339 et
684 289 749 349 Filii,
780 297 805 340 et
833 289 940 356 Spiritus

90 349 171 398 verba
182 348 299 413 proferat,
514 355 607 406 Sancti.
643 355 733 404 Amen.

60 438 125 566 SI
136 437 248 487 nondum
255 437 393 502 baptisatus
400 451 433 496 as,
444 436 477 485 N.

131 503 188 568 Ego
195 509 220 552 te
226 502 325 567 baptizo
333 501 363 550 In
371 501 481 550 Nomine

216 775 320 858 tirno
345 774 534 876 baptismi
559 775 795 872 Ztttdtotttm,

140 973 208 1040 QUI
227 973 297 1025 PRO
318 973 452 1025 SEIPSIS
474 972 667 1024 SPONDERE
686 971 859 1024 POSSUNT.

59 1119 128 1169 Cum
150 1117 229 1166 adulti
251 1120 395 1183 baptizandi
415 1127 480 1180 sunt,
500 1128 616 1186 parentes
634 1137 727 1181 eorum,
747 1128 789 1170 aut
810 1121 865 1169 aliae
888 1136 944 1184 pru·

93 1184 184 1232 dentes
195 1200 315 1248 personae,
330 1186 357 1233 id
369 1186 505 1249 Episcopo,
521 1195 564 1236 aut
576 1187 674 1235 cuidam
686 1187 719 1234 ab
731 1202 761 1235 eo
773 1186 806 1234 ad
816 1185 881 1234 hanc
894 1202 946 1234 rem

94 1249 225 1312 deputato,
240 1251 328 1298 saltem
345 1259 404 1299 aute
421 1252 554 1314 septimum
571 1253 639 1300 diem
656 1252 782 1310 indicent3
805 1267 856 1314 quo
873 1267 945 1299 accu-

95 1314 175 1362 ratior
197 1316 348 1363 examinatio
370 1316 422 1374 fiat,
447 1324 529 1365 utrum
551 1318 677 1379 religionis
701 1317 851 1365 Christianae
879 1317 944 1364 rudi-

95 1379 187 1428 mentis
199 1381 259 1428 satls
270 1381 360 1428 suerint
371 1381 477 1441 imbuti3
495 1389 519 1430 et
532 1383 713 1430 admoneantur
723 1382 771 1444 ipsi
786 1388 814 1429 ut
830 1382 946 1444 precibus

93 1451 121 1492 et
138 1444 240 1508 jejuniis
259 1446 293 1493 ad
312 1445 361 1494 hoc
380 1454 494 1494 sanctum
515 1447 703 1496 Sacramentum
722 1447 895 1511 accipiendum
919 1463 946 1495 se

94 1517 244 1573 praeparent.

61 1583 116 1648 Qui
138 1584 160 1633 si
183 1585 242 1633 satis
263 1586 345 1649 parati
368 1584 414 1633 visi
435 1584 535 1647 fuerint,
560 1587 642 1636 adsint
666 1587 760 1636 Patrini
782 1594 807 1636 ct
830 1588 945 1636 Mutrinae

95 1649 259 1712 (congregato
271 1651 365 1714 populo
377 1651 403 1698 in
416 1652 551 1700 Dominica
562 1669 605 1701 scu
618 1653 693 1701 Festo
711 1653 743 1700 ad
760 1654 787 1701 id
804 1653 944 1716 designato)

94 1721 124 1762 ut
136 1730 179 1762 eos
190 1715 223 1762 ad
236 1716 344 1763 Fontem
356 1718 453 1776 sistant,
468 1718 551 1766 statim
564 1725 621 1781 post
637 1719 771 1766 secundam
789 1719 942 1775 Lectionenr,

95 1780 150 1893 {iii
167 1780 200 1828 ad
217 1780 358 1830 Matutinas
375 1781 427 1829 sive
444 1783 477 1830 ad
494 1783 626 1846 Vespems,
641 1790 715 1847 prout
730 1783 844 1832 Parocho
861 1783 944 1847 placu-

64 1921 205 1970 Adstantes
221 1927 306 1971 autem
325 1923 446 1974 Sacerdos
462 1924 604 1989 interroget,
619 1932 700 1975 utrum
719 1941 750 1974 ex
766 1925 816 1975 illis
832 1926 868 1974 ibi
884 1943 946 1990 prae·

95 1987 209 2035 sentibus
226 1988 271 2035 ulli
289 1988 408 2053 baptizati
425 1990 524 2050 luerint,
538 2005 624 2040 necne.
661 1991 737 2055 Quod
753 1993 775 2040 si
791 1993 942 2056 negaverint,

96 2052 166 2100 dicat
180 2051 316 2104 Sacerdos:

168 2163 360 2224 ECTISSIMI,
372 2163 490 2228 quoniam
523 2163 655 2224 Christum,
693 2171 721 2213 ut
755 2179 801 2228 pro
835 2161 949 2227 largitate

162 2244 249 2277 omnes
260 2228 374 2278 homines
390 2227 417 2276 in
432 2242 489 2292 pec·
521 2228 694 2278 misericordiae
709 2243 760 2277 suae
776 2228 829 2277 istis
848 2228 874 2276 id
891 2243 948 2276 con·

62 2299 122 2343 cato
136 2293 308 2356 concipiuntur
317 2299 343 2341 et
358 2298 491 2341 nascuntur
522 2292 594 2341 cedat
612 2293 679 2356 quod
698 2308 729 2341 ex
749 2300 838 2341 natura
858 2292 950 2340 babere

64 2359 101 2418 (et
121 2357 189 2421 quod
208 2365 294 2406 natum
314 2363 400 2406 estex
419 2371 492 2404 carne
524 2363 668 2420 nequeunt:
686 2357 787 2416 scilicet,
800 2364 828 2406 ut
844 2372 909 2421 aqua
925 2364 950 2404 et

64 2436 124 2472 caro
139 2422 195 2482 est),
209 2429 234 2471 et
248 2421 290 2486 qui
306 2421 333 2469 in
349 2435 423 2469 carne
436 2427 493 2469 sunt
526 2420 621 2484 Spiritu
637 2421 729 2471 Sancto
744 2422 905 2485 baptizentur,
925 2427 950 2468 et

65 2486 124 2535 Deo
139 2485 238 2550 placere
254 2501 305 2534 non
321 2491 431 2549 possunt,
450 2485 494 2533 sed
525 2485 552 2533 in
571 2492 681 2534 sanctam
700 2485 838 2535 Ecclesiam
858 2484 950 2534 Christi

65 2550 93 2599 in
114 2550 223 2614 peccatis
240 2550 335 2610 vivunt,
357 2555 382 2598 et
402 2548 493 2597 multas
524 2549 691 2610 admittantur,
717 2557 742 2599 et
763 2549 873 2614 ejusdem
894 2549 951 2596 viva

65 2614 175 2663 actuales
182 2615 396 2678 praevaricationes
405 2613 493 2661 admit·
525 2615 637 2663 membra
647 2614 714 2664 fiant.

66 2685 139 2738 tuntt
156 2676 493 2728 etSalutornostaChris·
573 2692 752 2743 nannenten
764 2693 894 2753 Sacerdos,

67 2752 107 2792 tus
118 2742 187 2801 dicit,
201 2742 284 2792 Nemo
300 2749 383 2818 potest
393 2741 494 2791 introire

66 2808 93 2856 in
101 2822 205 2870 regnum
217 2807 273 2865 Dei,
284 2807 331 2856 rusi
339 2812 494 2871 regeneratus

66 2871 147 2931 fuerit,
170 2878 196 2920 et
213 2879 312 2920 renatus
332 2887 363 2920 ex
383 2885 448 2935 aqua
469 2877 495 2919 et

67 2935 164 3000 Spiritu
175 2935 284 2996 Sanct03
299 2936 495 2985 obsecrovosut
885 2968 889 2977 .

66 2999 187 3049 invocetis
211 3000 294 3049 Deum
321 3000 427 3058 Patrem,
450 3015 496 3063 per
598 2995 658 3044 MN
665 2993 842 3045 IPOTENS
863 2992 952 3058 sempi-

68 3063 208 3114 Dominum
252 3070 364 3114 nostrum
410 3065 496 3129 Jesum
606 3060 953 3125 terneDeus,quipromagna

137 3137 182 3191 ¹73

681 2778 794 2830 Oremus.

525 2844 571 2904 (Et
587 2843 629 2894 hic
649 2850 717 2894 totus
735 2844 846 2908 Populus
864 2859 945 2909 genua

681 2909 787 2973 flectat.)
