2092 3450
203 155 333 214 pontinia
351 160 450 216 ditata
467 166 526 230 pust
544 163 698 221 briaitatrnt.

39 323 95 373 :atis
115 322 253 389 discipulis,
272 323 307 373 ait
322 324 371 373 illis
387 324 428 388 Je·
461 340 535 389 super
555 331 651 375 terram.
704 326 738 375 Et
763 325 887 389 accipiens

39 405 57 437 r:
80 388 205 438 Misereor
226 403 300 500 super
315 389 429 437 turbam:
461 398 556 453 septem
580 404 664 453 panes,
694 390 785 453 gratias
811 407 886 455 agens

39 453 130 502 iaeoce
144 451 199 516 jam
216 453 247 501 tri
265 468 298 502 uo
311 452 430 501 sustinent
460 453 540 516 fregit,
558 460 583 503 et
602 454 677 503 dabat
694 454 821 518 discipulis
837 456 887 504 suis

39 534 50 576 ·,
66 531 116 566 nec
130 516 227 565 habent
243 516 310 581 quod
326 517 430 565 mandu-
461 526 488 566 ut
496 525 666 582 apponerent:
683 525 707 568 et
715 528 882 583 apposuerunt

39 587 75 631 rt:
92 580 273 630 etsidimisero
282 596 324 629 eos
332 580 430 644 jejunos
461 582 545 630 turbae.
582 582 886 648 Ethabebantpisciculos

44 645 150 694 domum
170 660 248 704 suam,
270 644 384 694 deficient
404 645 430 693 in
461 661 569 719 paucos:
586 654 611 694 et
626 646 693 710 ipsos
709 646 843 707 benedixit,
861 656 886 697 et

39 727 58 758 ,τ
85 709 191 773 quidam
210 708 277 757 enim
294 724 324 758 ex
344 709 381 758 eis
398 708 430 758 de
458 710 531 772 Jussit
541 711 641 774 apponi.
678 710 712 759 Et
723 712 884 761 manducave·

39 779 212 837 rgevenerunt.
250 773 283 821 Et
299 789 337 822 res
355 773 429 822 onde·
460 781 524 834 runt,
547 782 571 823 et
587 774 690 823 saturati
708 782 772 834 sunt,
793 783 818 824 et
834 792 885 825 sus·

38 837 274 902 rteidiscipulisui:
291 789 430 886 Undeillos
460 838 568 887 tulerunt
590 839 657 902 quod
679 847 834 903 superaverat
854 842 885 889 de

39 901 163 966 'apoterit
178 901 221 950 hic
236 908 344 950 saturare
360 902 429 965 pani·
459 902 609 965 fragmentis,
647 910 742 967 septem
779 912 881 967 sportas.

39 964 251 1014 sinsolitudine?
282 966 317 1013 Et
327 966 428 1014 interro·
460 967 539 1015 Erant
566 975 648 1015 autem
679 968 721 1030 qui
752 968 884 1017 manduca·

39 1030 137 1078 riteos:
155 1029 224 1092 Quot
231 1045 308 1093 panes
316 1028 430 1079 habetis?
459 1038 552 1090 verant,
578 1031 646 1095 quasi
665 1039 771 1095 quatuor
788 1033 885 1081 millia:

39 1093 207 1142 tidixerunt:
239 1093 348 1156 Septem.
396 1095 429 1143 Et
459 1102 483 1143 et
494 1094 587 1143 dimisit
599 1111 647 1144 eos

39 1158 121 1222 eoepit
158 1158 238 1207 turbae
275 1157 429 1207 discumbere

207 1312 338 1369 boninitas
349 1314 446 1370 &auia
456 1320 513 1384 pust
525 1317 679 1373 bundium.

165 1447 264 1507 &rann
461 1447 526 1495 enirn
539 1447 644 1512 Spiritus
651 1448 818 1497 testimonium
829 1449 883 1496 red·

39 1519 151 1645 )EUS,
162 1530 232 1594 eujus
241 1531 430 1596 providentiam
460 1511 519 1586 dits
537 1512 603 1587 nnn
614 1520 706 1589 nostro,
723 1513 789 1576 quod
801 1527 883 1587 sumus

104 1595 429 1644 coelssfiumettfflesffium
460 1575 505 1623 filu
550 1592 579 1625 er.
628 1577 655 1626 Sr
678 1584 760 1625 autem
782 1575 834 1634 filu,
859 1584 883 1624 et

39 1659 165 1723 mitione
185 1674 237 1707 non
258 1659 367 1720 suffitum
391 1662 429 1709 Te
460 1639 583 1689 haeredes:
597 1641 707 1689 haeredes
715 1640 815 1704 quidem
825 1639 880 1698 Dei,

39 1723 126 1788 pplicoe
147 1738 283 1784 exoramus,
307 1731 335 1772 ut
355 1725 430 1773 noxia
460 1704 599 1753 cohaeredes
621 1712 704 1753 autem
727 1704 835 1753 Christi:
863 1705 883 1752 si

39 1794 93 1836 ncta
118 1787 272 1847 submoveas,
297 1795 322 1837 et
345 1789 429 1837 omnia
460 1775 542 1843 tamen
553 1770 723 1832 compatimur,
740 1777 768 1816 ut
784 1775 809 1816 et
826 1783 883 1816 con-

39 1850 349 1919 bisprosuturaconcedas
382 1853 430 1901 Per
458 1831 628 1894 5‹1¹0ssficemur·

39 1930 87 1964 sum
126 1915 254 2027 mistim
291 1916 427 1965 Dominum
578 1934 748 2006 mmmm
773 1961 775 1966 ι

39 1987 122 2028 m
185 1996 246 2028 Μ’
565 2035 590 2085 s
603 2034 727 2084 narrat
741 2043 776 2096 15.

142 2113 265 2180 Epistula.
486 2136 489 2141 ¹
524 2115 735 2191 TTENpITsa
751 2113 818 2188 salsis
828 2129 885 2177 pro·

94 2218 281 2269 AdRom.viii
295 2232 330 2269 12·
459 2191 504 2292 50⁵
520 2179 713 2292 ruffiaci}
732 2185 834 2300 {iffi
848 2177 885 2290 ii

39 2307 252 2388 JRATREQ
306 2307 429 2356 debitores
460 2308 578 2356 trinsecus
599 2314 682 2355 autem
703 2313 760 2356 sunt
777 2306 830 2370 lupi
848 2321 885 2353 ra-

106 2387 192 2421 sumus
218 2387 271 2421 non
298 2373 372 2431 carni,
402 2379 429 2419 ut
460 2387 549 2436 paces:
566 2370 713 2420 afructibus
728 2386 813 2420 eorum
829 2385 885 2432 cog·

39 2435 141 2485 mudum
152 2451 251 2485 carnem
261 2438 380 2485 vivamus.
402 2436 430 2484 Si
460 2436 565 2484 noscetis
582 2450 631 2484 eos.
668 2435 798 2499 Numquid
817 2434 885 2482 colli-

39 2499 72 2548 im
86 2500 222 2549 secundum
232 2515 331 2549 carnem
344 2500 430 2548 vixeri-
460 2507 521 2562 gunt
543 2499 575 2548 de
601 2499 678 2563 spinis
700 2515 767 2559 uvas,
789 2505 832 2546 aut
854 2499 886 2546 de

39 2596 46 2622 ›,
54 2563 327 2614 moriemini:siautem
336 2563 430 2628 Spiritu
460 2563 557 2612 tribulis
565 2562 646 2612 ficus?
672 2563 715 2613 Sic
723 2563 804 2612 omnis
813 2562 886 2610 arbor

39 2635 71 2676 aa
103 2628 183 2677 carnis
216 2627 428 2686 mortificaveritis,
459 2627 527 2676 bona
537 2627 628 2677 fructus
639 2627 718 2676 bonos
729 2627 804 2675 facit:
820 2625 887 2673 mala

39 2693 98 2741 retis„
166 2692 322 2756 Quicumque
364 2692 444 2740 enim-
461 2699 543 2740 autem
552 2689 881 2741 arbormalosfructussacit

39 2757 102 2805 siritu
122 2756 172 2806 Dei
198 2763 311 2819 aguntur,
335 2755 354 2804 ii
374 2762 431 2804 sunt
461 2756 522 2804 Non
540 2763 621 2819 potest
637 2756 711 2804 arbor
724 2756 792 2804 bona
807 2752 886 2800 malos

39 2820 118 2869 iiDei.
154 2820 215 2869 Non
226 2819 293 2868 enim
304 2820 432 2883 accepistis
460 2819 552 2868 fructus
576 2820 674 2869 facere:
707 2832 787 2881 neque
814 2815 887 2864 arbor

39 2883 119 2933 iritum
145 2883 268 2933 servitutis
291 2883 379 2932 iterum
405 2886 431 2932 in
462 2883 528 2931 mala
557 2884 637 2933 bonos
671 2882 763 2931 fructus
796 2879 882 2928 facere.

39 2963 102 3007 nore,
115 2949 159 2996 sed
174 2947 304 3011 accepistis
319 2947 431 3011 spiritum
463 2947 551 2996 Omnis
572 2948 652 3005 arbor,
677 2961 733 3010 quae
755 2959 806 2992 non
827 2943 886 2992 facit

39 3012 148 3075 ioptionis
179 3011 294 3070 filiorum,
328 3011 356 3060 in
383 3026 432 3074 quo
463 3011 569 3059 fructum
586 3011 687 3069 bonum,
709 3009 841 3067 excidetur,
862 3015 887 3056 et

39 3091 158 3127 amamus:
173 3076 258 3130 Abba.
267 3076 347 3125 Pater.
376 3075 433 3140 Ipse
462 3075 583 3138 inignem
601 3074 717 3124 mittetur.
761 3072 839 3135 Igitur
856 3088 886 3122 ex

73 3152 117 3189 101
184 3167 187 3174 ·
