2092 3450
188 156 415 227 munitissima
432 160 490 224 onst
507 156 662 224 sonituum.

59 373 64 396 ‚
79 336 144 385 dixit
152 336 184 384 ad
197 335 343 386 Simonem:
361 336 418 385 Duc
449 350 504 386 cum
516 336 610 385 videret
619 334 706 385 Simon
714 336 808 394 Petrus,
819 351 876 400 pro-

59 407 154 461 ruisset
169 400 251 449 laxate
266 400 328 449 retia
338 411 418 449 vestra
450 401 509 450 cidit
529 401 561 449 ad
580 417 661 465 genua
680 401 748 465 Jesu,
773 400 876 449 dicens:

59 473 172 530 tpturam
216 465 250 512 Et
267 465 418 528 respondens
449 465 499 514 Exi
510 480 581 525 ame,
595 465 654 540 quia
669 464 746 514 homo
762 471 876 528 peccator

59 545 87 589 n,
109 530 173 578 dixit
192 528 246 577 illi:
268 528 415 592 Praeeeptor,
450 545 513 588 sum,
538 529 654 579 Domme.
700 529 793 592 stupor
810 529 877 576 enim

59 601 131 643 otam
148 598 249 642 noctem
268 592 415 652 laborantes
449 593 642 643 circumdederat
663 609 727 653 eum,
749 600 774 641 et
791 608 877 641 omnes

63 658 195 722 cepimus:
211 657 238 706 in
248 656 324 706 verbo
336 665 418 706 autem
450 657 493 722 qui
505 673 562 706 cum
573 657 617 706 illo
636 663 712 717 erant,
731 657 758 705 in
775 664 877 720 captura

59 722 136 772 rxabo
153 727 212 770 reto·
248 721 282 770 Et
299 736 355 770 cum
370 721 419 771 hoc
467 723 561 782 iscium,
576 737 650 786 quarn
662 728 793 785 ceperant:
810 721 875 769 simi·

59 793 113 847 ent,
127 786 299 835 concluserunt
314 786 418 850 piscium
449 738 506 835 fiter
522 793 604 834 autem
618 787 741 849 Jacobum
760 791 784 834 et
800 785 876 849 Joan·

59 851 177 900 ,tudinem
194 850 329 914 copiosam,
353 866 418 898 rum·
450 867 515 911 nem,
529 850 594 898 filios
611 849 733 908 Zebedaei,
747 849 790 913 qui
807 855 877 898 erant

59 922 97 964 tur
107 920 190 963 autem
198 922 348 963 reteeomm.
385 915 419 963 Et
449 915 511 964 socii
530 914 645 964 Simonis.
682 914 716 962 Et
733 913 768 963 ait
787 913 819 961 ad
837 912 876 962 Si·

59 986 130 1028 erunt
149 978 229 1038 sociis,
248 978 292 1043 qui
309 985 377 1027 erant
393 979 419 1026 in
450 994 550 1027 monem
559 979 649 1042 Jesus:
666 977 727 1026 Noli
738 977 834 1026 timere:
846 993 876 1026 ex

59 1043 116 1102 ravi,
129 1049 159 1091 ut
178 1043 296 1102 venirent,
310 1049 334 1091 et
351 1043 419 1106 adju·
449 1042 498 1091 hoc
507 1043 559 1106 jam
574 1042 686 1091 homines
703 1041 750 1090 eris
767 1043 872 1105 capiens.

59 1114 75 1157 rt
98 1123 149 1156 eos.
194 1107 227 1155 Et
246 1113 372 1165 venerunt,
395 1113 420 1155 et
451 1107 484 1156 Et
504 1107 630 1156 subductis
648 1106 682 1154 ad
699 1113 789 1154 terram
808 1105 876 1154 navi·

59 1177 156 1221 everunt
177 1172 263 1220 ambas
284 1171 416 1230 naviculas,
450 1171 504 1230 bus,
535 1171 625 1219 relictis
658 1171 773 1219 omnibus
799 1169 876 1218 secuti

59 1241 314 1302 'penemergerentun
343 1235 419 1297 Quod
449 1243 506 1284 sunt
518 1251 581 1284 eum.

207 1431 337 1489 suminus
348 1431 425 1488 Sexta
434 1434 492 1499 pust
502 1428 658 1486 tinnitum.

150 1533 247 1589 Θῖἃῒίῦ-
452 1545 612 1594 ambulemus.
640 1545 668 1596 Si
676 1545 741 1595 enim
749 1545 874 1608 complan-

60 1637 140 1696 Ευε,
157 1613 204 1702 'qui
220 1637 378 1700 diligentibus
394 1645 419 1685 te
452 1611 498 1658 tati
525 1610 582 1658 sacti
609 1626 693 1659 sumus
720 1609 874 1658 similitudini

92 1703 162 1751 bona
190 1717 245 1765 quae
273 1709 419 1764 exsuperant
452 1675 537 1749 mortis
554 1674 613 1737 ejus,
627 1674 741 1723 simulet
757 1689 875 1722 resurrec-

59 1780 130 1813 ΞΜ
147 1781 245 1814 sensum
262 1767 420 1830 praeparasti,
452 1739 525 1787 tronis
553 1739 655 1787 erimus:
689 1739 738 1786 h'oc
760 1739 872 1812 scientes,

59 1828 103 1877 1de
130 1830 246 1878 cordibus
273 1831 362 1880 nostris
384 1802 421 1880 tu}
450 1804 509 1867 quia
524 1810 594 1852 vetus
610 1803 686 1851 homo
704 1808 787 1851 noster
803 1802 875 1850 simul

59 1895 83 1944 ᾗς
107 1894 229 1954 affectum,
251 1900 279 1942 ut
301 1902 326 1942 te
346 1909 420 1957 super
452 1866 580 1916 crucifixus
607 1873 651 1924 est,
681 1873 709 1914 ut
737 1867 876 1914 destruatur

59 1975 78 2007 2
93 1959 232 2022 diligentes,
246 1958 420 2023 promissiones
452 1947 539 2006 corpus
561 1931 663 1994 peccati,
693 1937 717 1979 et
739 1930 804 2006 ultra
824 1945 875 2005 non

86 2038 142 2086 quae
170 2037 243 2071 omne
270 2022 419 2071 desiderium
452 2002 704 2069 sefflamuspecqaffl:
742 1994 792 2057 (ἔω
809 2010 874 2042 enlm

59 2095 118 2146 sant,
141 2101 325 2150 consequamur·
373 2087 421 2134 per
450 2067 560 2108 mortuus
582 2065 626 2117 est,
646 2057 792 2122 justificatus
807 2066 843 2107 est
860 2074 876 2106 a

60 2168 78 2200 n
117 2151 243 2200 Christum
283 2149 419 2199 Dominum
451 2131 560 2187 peccam·
598 2123 718 2198 Siaussem
735 2123 826 2197 mortui
837 2138 875 2171 ⁵11·

59 2232 112 2264 um
148 2217 236 2264 Amen.
451 2204 505 2236 mus
533 2203 588 2235 cum
617 2187 724 2245 Christo,
755 2187 876 2236 credimus

451 2252 510 2316 quia
520 2251 592 2300 simul
609 2251 683 2300 etiam
694 2252 804 2300 vivemus
820 2254 876 2300 cum

195 2360 200 2371 ,
453 2316 562 2365 Christo:
579 2317 683 2364 scientes
691 2317 758 2378 quod
766 2316 877 2364 Christus

149 2360 272 2428 ΈῧῑὸῗῦῙὸ·
454 2395 581 2455 resurgens
599 2396 629 2429 ex
645 2381 749 2455 mortuis
763 2380 816 2443 jam
826 2395 878 2428 non

103 2485 232 2534 AdRom·
246 2484 316 2547 Μ
454 2444 878 2570 {siffisvfftffisiidtifflfi

61 2572 425 2638 Nignoratisquiaquicumque
455 2580 511 2620 tuus
531 2580 567 2621 est
584 2579 694 2636 peccato,
713 2581 823 2620 mortuus
842 2579 879 2619 est

82 2637 425 2702 baptizatisumusinChristo
455 2636 541 2686 semel:
558 2637 626 2699 quod
643 2645 725 2686 autem
736 2637 804 2694 vivit,
818 2636 879 2683 vivit

59 2703 103 2762 ,in
116 2709 197 2751 morte
216 2698 291 2764 ipsius
307 2700 424 2765 baptizati
456 2701 520 2750 Deo.
558 2701 597 2750 Ita
620 2708 644 2750 et
665 2717 710 2750 vos
732 2701 876 2756 existimate,

59 2769 98 2816 rs?
114 2765 260 2829 Consepulti
269 2765 335 2814 enim
342 2780 425 2813 sumus
456 2781 500 2814 vos
512 2774 621 2814 mortuos
637 2765 738 2830 quidem
755 2779 807 2814 esse
822 2777 879 2827 pec·

62 2829 351 2894 illoperbaptismumin
360 2844 425 2877 mor·
457 2837 520 2888 cato,
540 2830 649 2878 viventes
671 2838 753 2877 autem
775 2827 832 2875 Deo
854 2827 880 2875 in

59 2914 61 2943 ε
76 2903 105 2944 ut
113 2894 242 2959 quomodo
251 2894 364 2942 Christus
374 2909 425 2941 sur·
457 2894 556 2943 Christo
565 2895 624 2959 Jesu
636 2892 747 2942 Domino
758 2899 849 2940 nostro.

59 2975 89 3009 :a
98 2959 202 3009 mortuis
212 2973 257 3022 per
263 2957 367 3021 gloriam
379 2957 425 3007 Pa·

65 3024 136 3074 itaet
148 3039 195 3073 nos
205 3023 232 3072 in
243 3022 353 3072 novitate
368 3021 426 3071 vitae
