2092 3450
123 168 250 215 unsri<
507 164 616 229 tissimi.
871 167 918 212 Ad
933 168 992 227 inl·

149 313 185 363 Ut
212 319 305 376 ponant
332 312 359 360 in
386 312 442 360 Deo
470 325 541 374 spem
604 311 729 372 Quoniam
749 312 871 377 percussit
893 321 995 378 petram,

115 392 185 425 suam
205 394 212 426 ε
237 385 261 425 et
288 392 339 425 non
366 374 542 424 obliviscantur
572 383 596 424 et
607 375 727 425 fluxerunt
738 385 864 442 aquaetet
881 386 998 428 torrentes

115 457 218 504 operum
231 441 298 502 Dei3
315 447 340 489 et
356 440 473 488 mandata
489 438 541 503 ejus
571 440 758 490 inundaverunt.
781 457 783 461 ⁴

115 506 249 569 exquirant.
604 505 735 568 Numquid
752 513 777 554 et
795 521 889 569 panem
911 507 1000 572 poterit

149 571 190 618 Ne
201 569 261 618 fiant
272 569 333 617 sicut
345 574 426 632 patres
437 583 522 616 eorum
535 584 541 616 r
572 569 631 618 dare
646 586 652 617 :
669 577 712 618 aut
726 586 813 635 parare
830 587 946 620 mensam
956 587 999 637 po·

114 635 239 698 generatio
250 648 327 697 prava
338 641 362 681 et
378 647 524 695 exasperans
535 649 541 680 ε
571 633 631 697 pulo
642 635 709 683 suo?

148 698 288 758 Generatim
310 713 365 760 quae
383 713 435 745 non
454 696 542 745 direxit
605 697 666 746 Ideo
693 699 787 747 audivit
812 699 947 758 Dominus,
977 706 1000 749 et

116 777 261 810 corsuum:
278 767 302 810 et
313 777 364 810 non
381 769 417 809 est
434 761 541 810 creditus
572 761 688 812 distulit:
705 770 730 812 et
749 763 812 826 ignis
831 779 950 814 accensus
965 775 1000 813 est

116 842 172 875 cum
184 826 240 874 Deo
251 826 349 890 spiritus
360 826 420 889 ejus.
572 827 599 875 in
619 827 706 890 Jacob,
732 836 756 876 et
778 828 814 875 ira
837 829 951 878 ascendit
974 829 1000 877 in

149 890 207 938 Filii
218 891 329 955 Ephrem
345 891 500 938 intendentes
517 894 542 937 et
573 891 657 940 Israel.

116 955 240 1004 mittentes
251 955 474 1004 arcumzconversi
485 961 542 1002 sunt
606 955 672 1017 Quia
705 971 755 1004 non
788 957 947 1006 crediderunt
978 956 1002 1004 in

117 1021 143 1068 in
154 1020 195 1068 die
205 1019 272 1068 belli.
574 1019 630 1068 Deo
645 1037 652 1068 ε
668 1035 713 1068 nec
729 1029 889 1084 speraverunt
901 1019 1000 1070 insalu-

149 1085 175 1132 N
177 1099 210 1132 on
226 1084 394 1133 custodierunt
411 1089 541 1132 testamen·
573 1084 620 1132 tari
631 1084 690 1147 ejus.

117 1156 170 1196 tum
188 1148 258 1197 Dei:
275 1156 299 1197 et
316 1148 342 1196 in
358 1149 413 1212 lege
430 1147 481 1211 ejus
498 1161 541 1194 no·
607 1148 640 1196 Et
667 1148 794 1197 mandavit
821 1149 932 1198 nubibus
958 1149 1001 1198 de·

116 1213 212 1261 luerunt
223 1214 356 1262 ambulare.
572 1227 646 1276 super
660 1231 667 1261 ε
683 1220 708 1261 et
716 1213 804 1276 januas
815 1213 873 1262 coeli
884 1213 988 1277 aperuit.

149 1279 183 1326 Et
199 1278 278 1326 obliti·
286 1286 342 1326 sunt
358 1277 542 1326 benefactorum
606 1277 640 1325 Et
651 1277 714 1340 pluit
725 1277 773 1326 illis
785 1293 878 1326 manna
889 1279 923 1326 ad
934 1293 1001 1327 man·

117 1341 190 1404 ejus:
207 1349 231 1390 et
248 1342 398 1390 mirabilium
417 1342 469 1405 ejus
488 1355 542 1403 quae
574 1340 761 1390 ducandumzet
769 1356 860 1406 panem
869 1343 928 1392 coeli
934 1342 1002 1392 dedit

116 1406 223 1455 ostendit
235 1407 276 1454 eis.
574 1406 615 1454 eis.

150 1471 241 1519 Coram
258 1470 368 1533 patribus
385 1485 469 1519 eorum
486 1471 542 1520 fecit
608 1469 701 1519 Panem
712 1471 856 1533 angelorum
868 1471 1001 1520 manduca·

116 1535 238 1584 mirabilia
254 1535 281 1582 in
297 1543 360 1582 terra
376 1535 480 1598 AEgypti
495 1554 501 1585 ι
517 1537 543 1585 in
575 1535 611 1582 vit
622 1535 697 1583 homo
712 1552 719 1583 r
735 1534 827 1583 cibaria
843 1535 912 1585 misit
926 1536 962 1584 eis
977 1535 1003 1583 in

117 1598 319 1661 campoTaneos.
575 1599 732 1647 abundantia.

150 1664 283 1726 Interrupit
302 1679 369 1710 mare
389 1670 413 1710 et
430 1664 543 1727 perduxit
608 1663 743 1711 Transtulit
754 1671 863 1711 austrum
874 1664 907 1712 de
925 1664 1001 1712 coelo:

118 1744 159 1776 eos
174 1745 180 1775 r
198 1734 221 1775 et
239 1728 322 1775 statuit
339 1743 415 1791 aquas
432 1731 502 1792 quasi
518 1729 544 1777 in
575 1735 599 1775 et
619 1728 714 1776 induxit
732 1729 757 1775 in
775 1729 864 1776 virtute
884 1744 931 1778 sua
948 1728 1002 1776 afri·

118 1798 177 1839 utre.
576 1807 639 1839 cum.

151 1855 183 1902 Et
195 1855 296 1903 deduxit
308 1872 350 1905 eos
361 1857 387 1904 in
398 1858 464 1905 nube
476 1858 524 1905 diei
538 1876 543 1905 ε
609 1857 641 1904 Et
652 1856 715 1919 pluit
725 1871 799 1919 super
815 1872 858 1904 eos
875 1857 938 1905 sicut
950 1857 1002 1920 pul·

118 1925 142 1966 et
160 1922 214 1966 tota
232 1929 305 1968 nocte
322 1921 347 1968 in
366 1921 544 1970 illuminatione
577 1936 657 1967 verem
671 1937 755 1968 carnes
770 1939 776 1969 z
793 1928 817 1968 et
828 1921 891 1969 sicut
903 1937 1002 1970 arenam

118 1984 187 2045 ignis.
576 1985 650 2032 maris
661 1985 772 2032 volatilia
783 1995 898 2048 pennata„

150 2048 284 2110 Interrupit
300 2058 396 2111 petram
407 2051 432 2097 in
444 2067 544 2098 eremo:
609 2050 643 2096 Et
654 2050 794 2097 ceciderunt
810 2050 836 2097 in
853 2051 938 2099 medio
953 2066 1002 2099 cas·

119 2118 142 2159 et
154 2112 286 2175 adaquavit
297 2129 338 2160 eos
348 2114 414 2162 velut
423 2115 448 2161 in
457 2116 545 2177 abysso
576 2121 668 2161 trorum
686 2130 770 2161 eorum
786 2132 791 2162 :
809 2114 874 2162 circa
890 2116 1001 2164 taberna·

120 2176 204 2224 multa.
577 2177 632 2226 cula
643 2194 734 2226 eorum.

151 2241 184 2288 Et
201 2240 284 2289 eduxit
304 2257 393 2305 aquam
410 2244 441 2290 de
458 2251 545 2305 petra:
609 2243 643 2290 Et
664 2243 874 2291 manducaverunt
893 2252 917 2291 et
941 2252 1002 2292 satu·

119 2314 144 2352 et
173 2305 274 2353 deduxit
299 2313 416 2369 tanquam
444 2307 546 2355 flumina
576 2307 622 2354 rati
641 2315 696 2354 sunt
712 2308 792 2366 nimis,
812 2314 837 2355 et
856 2308 1002 2356 desiderium

119 2385 202 2432 aquas.
577 2387 662 2418 eorum
684 2372 765 2419 attulit
783 2372 818 2419 eis
840 2389 846 2419 τ
872 2388 924 2421 non
950 2381 1003 2421 sunt

153 2434 185 2481 Et
208 2442 373 2497 apposuerunt
392 2436 473 2483 adhuc
490 2451 545 2498 pec·
577 2436 682 2483 fraudati
694 2452 709 2483 a
719 2436 841 2484 desiderio
853 2452 906 2485 suo.

120 2514 176 2546 care
193 2499 215 2546 ei
231 2517 237 2546 z
254 2500 280 2546 in
299 2499 360 2546 iram
381 2501 546 2547 excitaverunt
610 2500 702 2548 Adhuc
717 2516 778 2550 escae
794 2516 880 2549 eorum
894 2509 964 2550 erant
980 2502 1004 2549 in

122 2563 253 2611 Excelsum
265 2564 291 2611 in
302 2564 422 2626 inaquoso
579 2580 621 2612 ore
638 2565 748 2627 ipsomm
770 2582 777 2612 t
800 2573 824 2613 et
842 2565 879 2613 ira
898 2565 950 2614 Dei
969 2581 1004 2614 as·

155 2629 188 2676 Et
200 2636 354 2676 tentaverunt
366 2629 448 2676 Deum
457 2629 483 2675 in
495 2645 546 2676 cor·
579 2629 661 2677 cendit
672 2644 745 2692 super
756 2645 805 2677 eos.

121 2692 193 2740 dibus
215 2693 285 2741 suis:
301 2699 329 2740 ut
349 2700 462 2756 peterent
477 2709 547 2740 escas
612 2694 645 2741 Et
666 2694 756 2742 occidit
774 2695 878 2757 pingues
899 2709 1004 2742 eorum:

123 2757 251 2804 animabus
262 2758 318 2805 suis.
580 2766 604 2805 et
616 2757 706 2805 electos
719 2758 796 2807 Israel
808 2759 945 2822 impedivit.

155 2822 189 2868 Et
200 2822 265 2869 male
276 2821 352 2870 locuti
363 2831 420 2870 sunt
430 2822 462 2870 de
474 2822 530 2869 Deo
542 2839 547 2870 :
612 2822 643 2869 ln
659 2823 772 2870 omnibus
790 2823 828 2871 his
843 2831 1005 2886 peccavenrnt

124 2885 236 2933 dixerunt
260 2903 266 2934 ι
294 2886 425 2949 Numquid
457 2887 548 2948 poterit
579 2886 660 2935 adhuc
675 2904 681 2934 τ
699 2895 723 2934 et
739 2903 790 2935 non
807 2889 964 2937 crediderunt
981 2888 1004 2934 in

125 2949 193 2996 Deus
215 2965 301 3013 parare
323 2966 433 2999 mensam
455 2951 481 2998 in
505 2951 547 2998 de·
579 2950 732 2998 mirabilibus
744 2952 796 3013 ejus

122 3022 186 3060 serto
195 3015 233 3125 ?66
612 3015 644 3062 Et
674 3015 813 3064 deiecerunt
844 3017 869 3064 in
898 3018 1004 3065 vanitate

185 3092 200 3124 2
