2092 3450
83 166 208 217 aasrrr.
475 154 585 235 urunt
844 180 969 243 AdVesp.

115 298 170 350 Sub
188 300 278 349 umbra
298 299 392 348 alarum
410 305 509 350 tuarum
573 300 793 351 Circumdederunt
811 318 852 352 me
867 303 965 355 dolores

81 370 186 428 protege
195 379 237 413 me
253 381 260 413 ε
276 379 293 412 a
302 363 365 413 facie
375 363 508 428 impiorum
539 365 646 415 mortis:
661 372 686 415 et
699 373 818 416 torrentes
829 367 965 432 iniquitatis

81 428 125 493 qui
135 444 177 477 me
187 427 331 478 afflixerunt
539 431 746 480 conturbaverunt
757 447 804 480 me.

114 492 213 542 Inimici
232 492 282 541 mei
298 493 407 542 animam
425 509 508 542 meam
572 495 678 544 Dolores
694 495 782 544 insemi
799 496 964 546 circumdede-

81 557 303 617 circumdederunt,
320 558 420 621 adipem
436 574 508 607 suurn
538 565 595 607 runt
605 575 647 608 me
661 576 667 608 ε
680 568 913 625 praeoccupaverunt
924 578 965 611 me

82 621 255 671 concluserunt
274 639 281 671 ι
297 637 325 671 os
341 637 426 671 eorum
441 622 507 672 locu·
538 621 620 736 latpuei
630 624 723 672 mortis.

81 694 135 735 tum
146 693 184 736 est
194 686 342 750 superbiam.
585 703 602 735 n
613 688 770 737 tribulatione
784 704 841 738 mea
851 689 963 739 invocavi

114 750 275 814 Projicientes
282 767 323 800 me
331 767 397 800 nunc
405 751 507 800 circum·
538 751 675 800 Dominum
689 769 696 801 ε
707 760 732 802 et
743 754 776 801 ad
786 752 870 803 Deum
880 770 963 803 meum

80 815 202 864 dederunt
212 830 253 864 me
273 816 381 865 :oculos
391 831 449 865 suos
460 823 508 865 sta·
537 815 661 865 clamavi:

80 887 181 929 tuemnt
191 879 315 929 declinare
325 881 351 929 in
362 888 459 929 terram.
572 880 605 929 Et
612 881 736 930 exaudivit
743 882 963 946 detemplosancto

114 944 281 1008 Suscepernnt
310 960 352 993 me
378 945 441 994 sicut
467 943 508 993 leo
538 959 583 993 suo
599 960 686 993 vocem
705 961 787 994 meam
807 965 813 994 τ
830 955 854 996 et
871 947 964 997 clamor

80 1016 181 1073 paratus
200 1009 233 1056 ad
250 1008 360 1083 praedam
380 1027 387 1058 ε
403 1016 428 1057 et
444 1009 507 1057 sicut
538 1009 781 1074 meusinconspectu
790 1010 842 1074 ejus
853 1012 963 1062 introivit

80 1073 177 1123 catulus
195 1073 274 1122 leonls
289 1073 405 1122 habitans
421 1073 447 1122 in
463 1074 507 1123 ab·
537 1072 564 1120 in
574 1088 644 1122 aures
655 1074 714 1136 ejus.

79 1138 146 1186 ditis
571 1137 704 1186 Commota
719 1145 756 1188 est
772 1146 797 1189 et
816 1141 963 1190 contremuit

113 1203 232 1266 Exsurge,
257 1202 373 1261 Domine,
398 1201 507 1266 praeveni
536 1208 602 1250 terra
627 1220 634 1251 ε
658 1202 818 1252 fundamenta
841 1206 962 1254 montium

80 1282 146 1328 eum,
160 1275 185 1316 et
196 1266 328 1330 supplanta
339 1281 395 1315 eum
416 1267 507 1330 :eripe
538 1267 683 1316 conturbata
705 1275 769 1327 sunt,
791 1276 816 1317 et
838 1279 963 1318 commota

79 1331 189 1380 animam
205 1346 288 1379 meam
305 1332 338 1379 ab
354 1331 440 1394 impio,
459 1330 506 1379 sra-
537 1338 601 1391 sunt,
615 1331 732 1394 quoniam
743 1332 818 1381 iratus
828 1340 865 1382 est
877 1337 918 1382 eis.

78 1411 161 1444 meam
177 1402 246 1445 tuam
260 1395 293 1444 ab
303 1395 408 1444 inimicis
420 1410 507 1444 manus
569 1395 689 1444 Ascendit
705 1395 786 1445 tumus
803 1397 830 1445 in
847 1397 883 1446 ira
899 1398 959 1462 ejus,

78 1468 136 1510 tuae,
537 1466 562 1507 et
578 1459 642 1522 ignis
659 1475 675 1508 a
693 1459 756 1509 facie
775 1459 827 1525 ejus
847 1464 935 1511 exarsit
955 1481 962 1512 ε

111 1524 229 1585 Domine,
251 1539 267 1573 a
285 1523 370 1588 paucis
389 1522 421 1573 de
440 1530 505 1573 terra
537 1525 654 1573 carbones
665 1525 774 1574 succensi
785 1527 885 1576 suntab
896 1543 933 1576 eo.

76 1588 162 1638 divide
177 1604 220 1638 eos
235 1589 261 1637 in
271 1589 329 1638 vitae
341 1604 426 1637 eonrrn
449 1607 456 1638 ε
473 1589 504 1637 de
568 1587 961 1648 Inclinanteoe10s‚etdescendit:

77 1652 229 1703 absconditis
241 1653 289 1702 tuis
302 1653 451 1717 adimpletus
468 1661 504 1702 est
535 1658 560 1701 et
571 1653 649 1716 caliga
660 1653 706 1702 sub
717 1654 821 1717 pedibus
833 1654 891 1717 ejus.

77 1726 165 1768 venter
175 1733 266 1767 eorum
568 1716 601 1766 Et
612 1717 722 1766 ascendit
738 1734 812 1782 super
823 1719 956 1780 Cherubin,

109 1781 221 1832 Saturati
239 1789 296 1832 sunt
314 1782 371 1831 tiliis
393 1799 400 1831 t
423 1789 447 1831 et
467 1782 503 1831 di·
536 1782 660 1830 etvolavit
673 1800 679 1830 τ
690 1783 781 1831 volavit
789 1798 961 1848 superpennas

76 1847 196 1895 miserunt
207 1846 321 1912 reliquias
329 1863 385 1896 suas
396 1847 504 1911 parvulis
534 1853 671 1895 ventomm.

76 1911 135 1961 suis.
568 1910 602 1959 Et
613 1911 696 1974 posuit
707 1911 819 1960 tenebras
830 1910 959 1961 latibulum

109 1975 167 2039 Ego
183 1982 265 2024 autem
281 1975 308 2024 in
322 1975 417 2038 justitia
428 1991 504 2040 appa·
535 1991 613 2033 suum,
628 1976 653 2022 in
670 1975 771 2023 circuitu
785 1975 837 2039 ejus
856 1994 863 2025 z
879 1978 959 2026 taber-

74 2040 137 2089 rebo
152 2041 293 2104 conspectui
309 2047 353 2089 tuo
373 2058 379 2089 ε
396 2041 504 2089 satiabor
534 2039 649 2087 naculum
669 2039 728 2102 ejus,
748 2041 878 2090 tenebrosa
896 2057 960 2107 aqua

76 2120 135 2153 cum
146 2104 286 2168 apparuerit
296 2103 376 2168 gloria
386 2111 435 2154 tua.
534 2104 560 2151 in
571 2104 678 2152 nubibus
688 2105 758 2153 aeris.

567 2167 622 2216 Prae
648 2168 743 2232 fulgore
773 2168 799 2218 in
826 2178 958 2234 conspectu

108 2246 178 2294 ltffls
191 2244 240 2294 ΙΙΙ,
277 2240 316 2297 qn
328 2240 460 2309 Empta,
535 2232 586 2295 ejus
597 2233 674 2281 nubes
685 2234 832 2308 transienmt
847 2238 959 2298 :grando

165 2335 295 2385 essenus
312 2335 413 2386 XVIII·
534 2304 559 2346 et
565 2313 611 2410 ff
610 2297 741 2410 ¹³13?ssss
740 2298 772 2411 {1⁵3
788 2362 853 2411 coero
871 2363 957 2412 nomi-

144 2424 276 2475 ILIGAM
285 2431 317 2485 te,
328 2426 444 2485 Domine,
454 2425 502 2475 sor·
533 2441 586 2485 nus,
601 2434 625 2474 et
639 2426 782 2476 Altissimus
792 2428 861 2476 dedit
871 2444 957 2477 vocem

72 2428 142 2602 D
176 2489 257 2538 titudo
275 2505 332 2538 mea
350 2508 357 2538 r
378 2490 502 2540 Dominus
532 2506 603 2539 suam
622 2509 628 2540 ε
645 2491 739 2554 grando
751 2499 776 2540 et
787 2493 905 2541 carbones
922 2493 957 2556 ig·

91 2561 257 2602 rmamentum
278 2570 368 2614 meum,
394 2562 419 2603 et
437 2555 500 2604 refu·
531 2556 576 2604 nis.

72 2619 144 2682 gium
154 2633 245 2678 meum,
257 2624 282 2667 et
293 2619 410 2668 liberator
419 2635 496 2668 meus.
565 2621 599 2669 Et
621 2620 689 2669 misit
716 2621 817 2684 sagittas
844 2636 907 2680 suas,
933 2628 956 2669 et

106 2682 442 2745 Deusmeus,adjutormeus
457 2691 499 2733 :et
531 2685 659 2749 dissipavit
675 2701 717 2734 eos
737 2685 856 2748 :fulgura
874 2684 956 2734 multi·
1040 2696 1044 2703 ·

72 2747 179 2811 sperabo
189 2747 215 2795 in
227 2763 290 2796 eum.
531 2750 639 2814 plicavit,
653 2757 677 2798 et
688 2750 843 2798 conturbavit
855 2764 904 2797 eos.

106 2811 235 2861 Protector
263 2828 340 2871 mens,
370 2819 395 2862 et
422 2828 498 2863 cornu
563 2814 598 2862 Et
613 2814 770 2877 apparuerint
786 2813 867 2862 fontes
881 2829 956 2877 aqua·

71 2875 226 2926 salutismsae
241 2883 495 2941 :etsusceptormeus
531 2895 586 2927 rum
607 2896 613 2928 ι
630 2886 655 2927 et
671 2878 778 2927 revelata
794 2884 851 2926 sunt
869 2877 955 2926 funda·

105 2940 222 2990 Laudans
258 2941 380 2990 invocabo
411 2942 498 2991 Domi·
531 2950 616 2992 menta
626 2943 693 2991 orbis
704 2949 828 2990 terrarum.

70 3020 132 3053 num
153 3022 159 3054 ε
175 3013 200 3055 et
211 3005 245 3054 ab
255 3005 362 3055 inimicis
378 3007 439 3055 meis
450 3006 497 3055 sal·
563 3008 777 3071 Abincrepatione
782 3013 831 3065 tua,
836 3007 954 3057 Domine:

71 3083 176 3120 vusero.
530 3072 562 3121 ab
570 3071 730 3136 inspiratione
739 3071 836 3136 spiritus
845 3071 887 3121 irae
896 3079 952 3121 tuae.

135 3145 185 3198 223
