2040 3458
305 109 379 173 tituta
398 109 497 174 &uinta
513 115 569 166 aute
584 111 695 178 bertha.

64 260 235 326 pauembunc,
245 266 272 311 et
279 259 383 310 calicem
390 259 495 311 bibetis:
526 263 567 311 At*
575 261 817 322 iliiinvalescebant,
824 258 933 312 diceutes
943 280 950 312 r

64 334 163 377 mortem
179 325 292 375 Domini
305 326 491 385 annuntiabitis,
526 327 951 403 Commovetpopulumdocensper

63 390 238 441 donecveniat.
260 390 351 454 Itaque
372 390 494 455 uicunque
525 392 664 441 universam
683 393 805 456 Judaeam,
829 392 950 455 inciprens

63 455 249 505 manducaverit
260 469 353 518 panem
385 470 441 515 unc,
454 455 495 504 vel
525 456 656 506 aGalilaea
672 456 820 521 usquehuc.
857 456 950 504 Pilatus

64 519 151 571 biberit
179 519 288 568 calicem
320 518 425 568 Domini
455 519 494 569 in-
524 528 607 569 autem
626 521 728 570 audiens
751 521 889 578 Galilaeam,
913 520 950 569 in-

64 584 143 648 digne,
173 599 232 632 reus
259 583 306 632 erit
334 583 444 647 corporis
469 590 494 633 et
525 585 658 648 terrogavit
683 585 705 634 si
730 586 806 635 homo
833 584 951 634 Galilaeus

64 648 188 712 sanguinis
201 647 314 697 Domini.
351 647 443 697 Probet
451 664 494 696 au·
525 656 595 698 esset.
643 649 676 698 Et
697 656 725 699 ut
747 650 863 712 cognovit
882 649 951 713 quod

64 718 112 762 tem
127 713 165 762 aei
257 711 352 760 homo:
370 718 394 760 et
410 713 446 761 sic
462 714 495 762 de
524 713 556 762 de
568 713 678 763 Herodis
711 721 814 763 otestate
828 721 898 773 esset,
913 729 950 762 re·

64 792 128 890 pauc
150 777 157 788 '
178 792 197 825 o
218 775 285 834 edat,
311 783 336 824 et
362 776 395 824 de
416 777 493 826 calice
524 778 590 827 misit
606 794 663 827 eum
674 729 710 827 ag
720 779 856 837 Herodem,
870 778 913 842 qui
925 784 950 826 et

82 841 140 891 'bat
178 839 230 902 Qui
239 840 455 900 enimmanducat,
469 848 495 890 et
524 842 577 906 ipse
590 843 750 906 Jerosolymis
765 850 817 892 erat
832 843 881 891 illis
899 842 950 890 die·

65 905 127 955 bibit
155 904 267 968 indigne,
297 904 418 967 judicium
446 906 495 955 sibi
524 906 577 956 bus.
609 907 947 970 HerodesautemvisoJesu,

65 969 199 1019 manduca
214 975 240 1018 et
254 968 342 1018 bibit:
362 970 414 1018 tlon
430 970 494 1033 diju·
524 972 622 1034 gavisus
639 979 677 1021 est
691 971 786 1032 valde3
815 978 867 1020 erat
884 971 950 1020 enim

65 1034 150 1084 dicans
164 1048 255 1098 corpus
274 1032 385 1083 Domini
432 1034 496 1084 Ideo
525 1036 626 1100 cupiens
643 1051 674 1084 ex
690 1036 769 1085 multo
786 1042 897 1100 tempore
914 1035 950 1083 vi·

65 1099 128 1148 iuter
141 1113 189 1147 voa
202 1096 276 1146 multi
289 1096 389 1157 infirmi,
408 1105 432 1148 et
447 1099 495 1147 im·
524 1098 583 1149 dere
605 1115 670 1160 eum,
698 1115 729 1150 eo
751 1100 818 1164 quod
840 1100 951 1148 audierat

65 1162 174 1222 becilles,
205 1169 230 1210 et
258 1160 385 1210 dormiunt
411 1163 491 1212 multi.
524 1164 603 1213 multa
616 1165 649 1214 de
663 1179 693 1214 eo
707 1182 715 1226 3
731 1171 756 1214 et
771 1165 887 1228 sperabat
901 1164 950 1225 sig-

10 1240 17 1260 *
66 1227 141 1291 Quod
166 1225 189 1276 si
214 1225 378 1300 nosmetipsos
403 1227 494 1290 dijudi·
524 1244 584 1277 num
595 1229 788 1293 aliquodvidere
804 1229 836 1278 ab
845 1244 876 1277 eo
887 1229 945 1277 fieri.

66 1306 185 1350 caremus,
214 1305 266 1338 non
293 1297 379 1354 utrque
398 1290 494 1354 judica·
524 1292 697 1356 Interrogabat
715 1300 799 1342 autem
814 1308 870 1342 eum
887 1292 950 1340 mul-

10 1390 12 1399 .
65 1371 152 1405 remur.
190 1352 494 1417 Dumjudicamurautem
524 1357 555 1405 tis
570 1359 731 1408 sermonibus.
768 1358 804 1406 At
818 1357 873 1421 ipse
887 1356 950 1405 nihil

65 1418 209 1469 aDomino
226 1418 289 1467 corri
307 1418 379 1479 imur,
397 1426 494 1468 utnon
524 1420 561 1469 illi
577 1422 749 1485 respondebat
786 1422 891 1471 Stabant
907 1437 950 1468 au-

66 1500 122 1534 eum
144 1484 194 1533 hoc
218 1497 280 1530 mun
298 1498 315 1532 o
336 1483 490 1533 damnemur.
524 1492 575 1534 tem
595 1487 720 1551 principes
741 1487 905 1543 sacerdotum,
926 1491 950 1533 et

66 1550 154 1624 Itaque
177 1547 265 1597 fratres
283 1546 340 1606 mei,
361 1563 418 1597 cum
435 1564 493 1597 con·
523 1550 618 1611 scribae,
645 1558 785 1600 constanter
809 1556 950 1598 accusantes

65 1614 153 1663 verutis
172 1611 206 1661 ad
223 1611 432 1672 manducandum,
456 1613 493 1661 in·
524 1629 587 1664 eum.
623 1613 889 1679 Sprevitautemillum
897 1614 949 1661 He·

66 1678 144 1727 vicem
155 1683 292 1740 expectate.
329 1675 423 1740 Siquis
440 1693 493 1726 esu·
524 1678 663 1727 rodescum
680 1679 787 1728 exercitu
798 1694 859 1727 suo:
881 1685 905 1726 et
921 1678 950 1725 il·

19 1782 22 1789 ,
66 1743 103 1802 rit,
117 1741 188 1790 domi
199 1739 350 1789 manducet:
366 1747 394 1789 ut
405 1741 494 1790 nonin
524 1742 582 1791 lusit
607 1743 722 1791 indutum
742 1750 810 1792 veste
835 1743 900 1801 alba,
925 1749 950 1790 et

10 1797 27 1837 ὸ

16 2266 21 2321 i

17 2326 22 2359 t

16 2898 29 2957 l

19 2974 21 2981 r

66 1805 184 1869 judicium
200 1803 360 1854 conveniatis.
397 1805 495 1855 Caetera
524 1807 618 1856 remisit
636 1807 668 1855 ad
685 1807 799 1856 Pilatum.
842 1808 876 1855 Et
892 1806 950 1854 sacti

66 1878 156 1931 autem,
168 1885 226 1919 cnm
239 1883 337 1928 veneto,
352 1869 490 1933 disponam.
524 1878 581 1920 sunt
595 1871 669 1921 amici
685 1871 801 1920 Herodes
816 1878 841 1920 et
856 1870 950 1945 Pilatus

197 1982 374 2052 aaut...
523 1936 950 2075 munusue

167 2107 193 2158 S·
209 2107 270 2157 r..
285 2102 351 2155 ..u
369 2117 389 2155 1·
524 2065 950 2192 {tinnungulus}

128 2196 157 2246 ,Τ
163 2211 266 2259 surgens
272 2196 354 2244 omnis
362 2191 495 2241 multitudo
524 2193 606 2256 plebe,
615 2193 678 2242 dixit
686 2192 718 2241 ad
726 2192 797 2242 illos:
817 2193 949 2242 Obtulistis

154 2256 495 2319 eorum,duxeruntillumad
524 2256 950 2321 mihihunchominem,quasiaver·

68 2325 180 2375 Pilatum
196 2321 495 2387 Coeperuntautemillum
524 2329 617 2371 tentem
635 2320 771 2386 populum:
788 2329 813 2370 et
829 2338 886 2371 ecce
904 2336 950 2384 ego

67 2405 187 2450 accusare,
198 2389 326 2438 dicentes:
343 2386 494 2435 Huncinve·
525 2401 608 2434 coram
625 2386 697 2435 vobis
714 2386 874 2450 interrogans,
895 2385 949 2434 nul·

68 2454 146 2504 nimus
182 2454 365 2503 subvertentem
394 2457 494 2514 gentem
524 2451 575 2498 lam
593 2466 693 2500 causam
710 2450 793 2499 inveni
808 2451 834 2499 in
848 2450 950 2498 homine

67 2526 183 2576 nostram,
209 2524 234 2566 et
256 2516 429 2580 prohibentem
451 2514 493 2563 tri·
523 2514 572 2564 isto
587 2530 619 2563 ex
634 2515 674 2564 his
692 2514 820 2579 inquibus
838 2530 894 2563 eum
910 2529 949 2561 ac·

66 2581 124 2632 buta
134 2583 197 2631 dare
212 2581 312 2639 Caesari,
331 2585 355 2628 et
370 2580 494 2627 dicentem
524 2579 620 2628 cusatis.
662 2579 711 2629 Sed
727 2594 807 2643 neque
819 2577 950 2626 Herodes:

67 2662 92 2697 se
107 2647 237 2696 Christum
254 2659 338 2708 regem
356 2659 415 2693 esse
453 2643 493 2690 Pi·
523 2658 582 2691 nam
601 2643 684 2693 remisi
703 2659 747 2691 vos
767 2643 799 2691 ad
816 2643 904 2703 illum;
925 2650 949 2691 et
995 2686 1003 2699 ,

67 2711 129 2761 latus
151 2717 237 2760 autem
258 2708 418 2772 interrogavit
437 2723 494 2756 eum
524 2723 581 2756 ecce
591 2708 654 2756 nihil
664 2707 767 2770 dignum
778 2713 857 2755 morte
868 2714 950 2754 actum

68 2776 152 2826 diceus
162 2793 170 2825 r
181 2775 223 2824 Tu
234 2789 261 2823 es
270 2773 325 2822 Rex
332 2772 496 2836 Judaeorum?
525 2779 561 2821 est
573 2772 602 2821 e'u
640 2772 804 2821 Emendatum
815 2787 873 2834 ergo
880 2771 949 2820 illum

68 2841 102 2889 At
107 2839 152 2889 ille
161 2838 316 2903 respondens
322 2837 365 2896 ait,
375 2836 415 2884 Tu
423 2836 492 2885 dicis.
524 2836 656 2885 dimittam.
692 2839 801 2886 Necesse
814 2842 895 2884 autem
906 2837 949 2884 ha·

68 2905 112 2954 Ait
122 2911 208 2953 autem
219 2902 313 2951 Pilatus
324 2901 358 2949 ad
373 2900 496 2965 principes
525 2901 601 2949 bebat
622 2899 746 2950 dimittere
768 2900 803 2949 eis
821 2916 866 2964 per
884 2901 950 2949 diem

69 2969 232 3026 sacerdotum,
253 2973 278 3016 et
293 2966 396 3024 turbas3
423 2964 495 3013 Nihil
526 2964 623 3023 sertum,
657 2979 741 3014 unum.
798 2964 950 3013 Exclamavit

71 3032 169 3082 invenio
185 3031 304 3081 causaein
320 3029 371 3079 hoc
383 3028 492 3080 homine.
526 3036 609 3077 autem
636 3028 709 3082 simul
735 3029 849 3079 universa
869 3030 949 3088 turba,

131 3106 162 3153 71
