2092 3450
455 190 633 247 domninam.

95 326 183 376 fuerint
199 327 272 375 rubra
286 325 354 390 quasi
366 324 519 383 vermiculus,
552 324 642 390 jubens
669 341 715 375 nos
748 324 849 388 gloriosi

95 392 162 441 velut
183 391 241 441 lana
262 391 319 439 alba
341 395 418 438 erunt.
456 389 522 437 Con·
555 406 657 454 regnum
668 389 808 455 possidere:
822 390 849 437 ad

94 457 224 516 vertimini,
260 456 295 502 ait
328 454 458 511 Dominus,
490 454 521 501 ab
555 471 641 504 omnes
660 470 706 518 pro
727 453 849 502 infinita:

95 521 210 570 omnibus
233 519 403 582 iniquitatibus
424 519 518 575 vestris,
555 519 661 568 ricordia
694 519 827 582 perducere

95 592 120 643 et
141 600 192 633 non
215 584 260 633 erit
281 583 352 631 vobis
377 583 404 630 in
426 583 521 630 ruinam
556 585 646 633 Amen.

95 649 218 712 iniquitas.
267 646 383 710 Projicite
410 662 425 694 a
451 646 523 694 vobis
605 694 609 703 ,
757 692 762 701 ,
828 697 830 701 ,

95 729 181 762 omnes
198 711 409 776 praevaricationes
420 717 520 768 vestraS,
564 693 668 771 Dejndes
695 693 849 766 0m¹¹¹b1¹⁵,g

65 775 70 781 “
96 778 122 826 in
139 777 227 841 quibus
244 775 396 840 praevaricati
413 775 478 833 estis,
499 783 523 822 et
556 813 558 818 .
590 759 711 833 bssFsss‘JOS
725 765 749 831 ,et
763 758 849 830 elem

95 842 169 890 facite
179 840 250 890 vobis
266 856 310 889 cor
324 855 417 888 novum
433 847 458 887 et
474 840 522 902 spi·
587 825 631 872 ¹¹1ss
648 824 773 898 Llisslffim
791 823 849 870 [¹¹⁶5

96 907 171 955 ritum
182 921 288 954 novumr
306 910 330 953 et
344 919 419 968 quare
435 903 522 952 morie·
586 889 710 950 Senuflffi
726 888 791 936 hunc
804 888 849 935 1³5²*

96 971 165 1029 mini,
175 971 263 1018 domus
272 969 369 1018 israel?
391 968 456 1031 Quia
464 968 523 1016 nolo
587 961 651 1001 canl·

97 1043 202 1084 mortem
217 1034 351 1093 morientis,
365 1033 425 1082 dicit
437 1033 523 1081 Domi·

98 1116 144 1148 nus
151 1100 227 1158 Deus,
237 1097 394 1156 revertimini,
407 1103 431 1146 et
439 1097 521 1145 vivite.

99 1164 256 1228 Quamquam
265 1163 428 1227 peccavimus,
440 1161 525 1209 Advo·
646 1162 802 1212 ISERERE
823 1178 849 1210 m

99 1236 181 1277 catum
196 1228 316 1276 habemus
333 1227 400 1291 apud
416 1227 522 1282 Patrem,
666 1229 801 1276 secundum
812 1243 849 1275 ma

97 1294 183 1356 Jesum
211 1292 338 1340 Christum
363 1291 474 1354 justum:
502 1300 526 1338 et
557 1291 801 1340 sericordiamtuam.

99 1358 152 1420 ipse
163 1364 199 1405 est
210 1356 352 1420 propitiatio
364 1371 409 1419 pro
420 1355 527 1467 peccatis
591 1357 624 1404 Et
646 1357 780 1404 secundum
802 1355 849 1402 mu?

100 1421 195 1470 nostris.
232 1421 290 1484 Ipse
307 1420 373 1468 enim
387 1426 527 1468 vuneratus
558 1421 742 1469 miserationum
775 1427 849 1468 tuaru:

100 1494 137 1534 est
153 1491 254 1548 propter
264 1484 405 1546 iniquitates
422 1492 524 1541 nostras,
558 1484 713 1547 iniquitatem
724 1500 812 1532 meam.

101 1550 197 1597 attritus
208 1556 244 1596 est
255 1555 355 1611 propter
363 1547 461 1596 scelera
485 1548 527 1596 Ad
591 1549 707 1612 Amplius
724 1548 780 1596 lava
796 1564 836 1596 me

101 1630 158 1662 eum
173 1628 231 1674 ergo
247 1619 402 1670 revertamur,
417 1612 459 1675 qui
475 1628 528 1660 om·
558 1619 609 1661 tate
630 1629 687 1661 mea
707 1619 754 1661 :et
773 1629 788 1659 a
807 1629 849 1676 pec

101 1693 144 1724 nes
163 1677 311 1740 poenitentes
328 1677 434 1738 benigne
454 1677 528 1724 susci·
558 1677 652 1725 munda
662 1694 709 1726 me.

102 1743 153 1804 pit:
170 1756 215 1789 nec
232 1741 371 1788 dubitemus
387 1742 447 1803 quin
464 1742 527 1789 adsit
592 1743 717 1804 Quoniam
734 1741 848 1804 iniquitat

102 1822 146 1854 nos
163 1812 324 1868 suscepturus,
339 1813 363 1853 et
381 1813 479 1868 paratus
496 1806 527 1852 ad
560 1822 605 1869 ego
633 1822 755 1869 cognosco
781 1824 787 1853 τ
811 1815 835 1854 et

102 1870 285 1932 ignoscendum,
311 1869 387 1918 modo
412 1869 444 1917 ad
472 1886 528 1917 eum
559 1887 641 1918 meum
653 1878 738 1919 contra
748 1886 788 1919 me
800 1876 849 1917 est:

102 1934 168 1982 fideli
182 1934 328 1996 poenitentia
339 1934 491 1993 accedamus,
505 1935 528 1981 ei
592 1935 650 1982 Tibi
667 1936 712 1983 soli
727 1935 836 1998 peccavi,

102 2013 147 2046 nos
169 1997 334 2061 subjiciamus,
360 1999 386 2046 in
408 1998 460 2061 ejus
482 1999 528 2047 viis
560 2015 642 2048 coram
654 2007 678 2047 te
690 2000 735 2047 feci
752 2006 795 2046 :ut
810 1998 849 2060 jus

102 2062 205 2125 posthac
240 2062 401 2121 ambulemus,
441 2063 528 2126 jugum
559 2065 712 2112 sermonibus
724 2064 779 2122 tuis,
794 2070 819 2112 et
829 2063 849 2109 vi

103 2127 154 2189 ejus
173 2142 248 2174 suave
264 2135 289 2175 et
305 2142 366 2175 onus
385 2127 439 2175 leve
456 2143 529 2190 super
557 2128 680 2191 judicaris.

102 2206 147 2239 nos
164 2191 285 2249 tollamus,
300 2198 420 2254 quatenus
436 2193 528 2239 eumin
592 2195 657 2241 Ecce
680 2193 745 2240 enim
768 2192 794 2239 in
816 2191 850 2238 ini

101 2255 247 2313 humilitate,
264 2256 390 2318 patientia,
410 2263 434 2304 et
451 2257 528 2303 chari·
559 2265 692 2320 conceptus
709 2272 763 2304 sum
778 2263 820 2303 :et
837 2256 849 2302 ir

102 2327 152 2367 tate
174 2328 310 2383 sequentes,
330 2335 346 2367 a
362 2319 454 2369 Sancto
477 2320 529 2382 ejus
560 2322 672 2384 concepit
682 2337 723 2368 me
734 2327 848 2367 materm

103 2383 197 2446 Spiritu
223 2384 393 2446 gubernemur,
424 2385 528 2447 gloriam
592 2387 657 2434 Ecce
679 2385 745 2432 enim
761 2384 848 2432 veritat

102 2446 154 2509 ejus
176 2463 272 2510 semper
294 2463 439 2511 quaeramus,
462 2456 486 2496 et
506 2450 528 2496 ei
558 2449 715 2498 isti:incerta
724 2456 747 2496 et
755 2447 849 2496 occulta

102 2512 127 2560 in
139 2515 267 2560 vocatione
283 2519 374 2570 nostra,
393 2520 467 2575 prout
483 2528 528 2560 nos
559 2521 608 2562 tuae
619 2514 778 2561 manifestasti
790 2512 849 2559 mihi

102 2583 206 2640 oportet,
221 2592 277 2624 cum
288 2576 421 2638 gratiarum
432 2577 528 2625 actione
591 2577 849 2641 Aspergesmelryssop

102 2643 242 2689 serviamus.
271 2640 346 2703 Quod
358 2641 378 2688 si
390 2640 524 2699 fecerimus,
558 2642 636 2690 dabor
655 2642 774 2690 :lavabis
796 2657 844 2699 me,

103 2705 214 2754 Christus
230 2720 276 2753 nos
292 2705 395 2753 redimet
405 2705 438 2753 de
452 2706 527 2753 male·
558 2707 640 2755 nivem
651 2705 792 2754 dealbabor.

696 1060 809 1110 Psalmus
819 1059 845 1109 li.

102 2770 168 2818 dicto
193 2769 261 2832 legis,
286 2776 311 2818 et
332 2770 364 2818 de
384 2769 528 2832 gravissima
591 2771 695 2818 Auditui
711 2786 768 2818 meo
780 2769 849 2817 dabis

102 2834 145 2881 illa
166 2834 339 2882 maledictione
360 2849 416 2897 quae
437 2835 463 2882 iu
485 2850 527 2882 eos
558 2840 582 2883 et
594 2835 755 2884 laetitiamret
765 2834 849 2882 exsulta

102 2898 200 2957 incidet,
226 2901 268 2962 qui
289 2915 305 2946 a
326 2899 428 2947 sinistris
452 2905 526 2946 statu·
557 2899 692 2948 humiliata.

102 2969 188 3010 entur:
218 2963 294 3011 immo
321 2979 367 3011 nos
394 2979 410 3010 a
436 2962 528 3012 dextris
591 2963 781 3012 Avertefaciem
792 2970 849 3010 tuan

102 3033 199 3085 statuet,
219 3034 243 3075 et
263 3027 332 3076 dabit
350 3027 422 3076 nobis
441 3027 526 3090 benig·
558 3028 589 3076 tis
605 3029 666 3076 meis
681 3034 724 3077 :et
740 3043 826 3076 omnes
843 3028 849 3075 i

102 3105 164 3151 narn
172 3091 251 3139 Patris
267 3092 304 3140 sui
319 3092 523 3150 benedictionem,
556 3108 623 3141 meas
635 3092 697 3142 dele.

159 3167 210 3205 212
