2092 3450
66 176 126 224 Dies
137 177 166 224 X
170 179 196 225 V.
451 178 559 244 tissimi.
816 190 861 235 Ad
875 190 938 251 Vesp.

61 336 145 384 Deum
156 333 282 399 exquisivi,
296 335 409 384 manibus
425 335 487 383 meis
551 333 685 384 Multitudo
699 333 792 383 sonitus
808 349 922 397 aquarum
939 349 945 383 :
961 350 962 353 ¹

60 407 136 450 nocte
147 407 233 448 contra
243 413 300 449 eum
315 417 321 448 r
338 408 362 448 et
371 414 422 448 non
432 414 487 448 surn
518 413 603 448 vocem
615 397 736 447 dederunt
746 397 831 446 nubes.

60 466 186 528 deceptus.
551 462 651 511 Etenim
673 462 769 526 sagittae
793 467 842 510 tuae
868 469 945 510 trans·

94 529 187 577 Rennit
198 527 319 577 consolari
328 527 487 576 animamea:
518 536 576 576 eunt
598 545 605 576 r
627 543 677 575 vox
714 525 815 574 tonitrui
849 526 886 574 tui
919 527 944 574 in

60 608 157 641 memor
175 592 211 641 sui
230 592 287 652 Dei,
309 599 334 642 et
352 592 488 641 delectatus
519 599 579 639 rota.

61 672 124 716 sum,
151 664 176 706 et
197 657 343 706 exercitatus
365 672 437 718 sum3
463 666 488 705 et
552 655 688 705 illuxerunt
704 653 884 703 coruscationes
896 661 944 702 tuae

61 721 152 771 defecit
163 721 262 786 spiritus
273 737 348 770 meus.
519 719 573 768 orbi
594 726 689 768 terrae:
710 726 835 767 commota
862 726 899 767 est
920 727 944 767 et

94 786 301 849 Anticipaverunt
311 785 407 849 vigilias
423 785 488 834 ocnli
519 784 665 833 contremuit
676 791 745 831 terra

61 851 132 900 mei:
149 851 260 899 turbatus
271 865 325 899 sum
337 858 361 899 et
372 865 423 899 non
434 865 488 899 sum
552 849 583 896 In
600 848 662 896 mari
680 848 722 895 via
741 855 790 905 tua,
810 854 834 896 et
851 848 944 896 semitae

61 914 165 964 locutus
519 918 568 961 tuae
587 912 613 960 in
637 912 706 975 aquis
725 912 831 960 multis:
847 920 872 960 et
892 927 944 961 ves·

95 978 210 1042 Cogitavi
232 978 285 1026 dies
311 979 445 1043 antiquos:
463 985 488 1028 et
520 977 581 1040 tigia
589 983 632 1025 tua
643 991 693 1025 non
705 984 889 1039 cognoscentur.

61 1058 141 1092 annos
152 1049 255 1091 aeternos
267 1043 293 1090 in
304 1050 385 1092 mente
396 1042 478 1092 habui.
552 1040 683 1090 Deduxisti
701 1041 762 1089 sicut
784 1056 843 1090 oves
865 1056 943 1104 popu-

95 1109 129 1156 Et
139 1106 272 1156 meditatus
283 1123 337 1156 sum
348 1114 420 1156 nocte
432 1123 488 1157 cum
518 1105 651 1155 iumtnum
666 1123 672 1154 ε
688 1105 714 1153 in
729 1120 805 1153 manu
822 1106 904 1168 Moysi
921 1114 945 1153 et
1024 1154 1026 1158 .

62 1171 137 1220 corde
158 1187 216 1220 meo
234 1189 241 1219 τ
258 1177 282 1219 et
299 1172 448 1220 exercitabar
464 1180 489 1221 et
520 1170 613 1219 Aaron.

61 1235 196 1299 scopebam
207 1236 320 1299 spiritum
331 1252 420 1285 meum.

61 1300 488 1429 teitttffltttt‘ttttttt
544 1335 612 1381 nn
626 1335 682 1382 xv.
720 1333 902 1402 sunnon.

61 1428 233 1493 complacitior
243 1429 274 1478 sit
285 1429 383 1477 adhuc?
585 1457 714 1506 PSALMUS
730 1457 870 1507 LXXVIII

93 1494 148 1541 Aut
163 1493 191 1541 in
207 1493 282 1542 finem
297 1493 489 1542 misericordiam
872 1495 888 1506 “’

61 1561 132 1606 suam
140 1557 269 1606 abscindet
283 1575 290 1606 ε
306 1573 322 1605 a
332 1558 489 1620 generatione
528 1553 810 1672 ΑΤΤΕΝΠῙΤΕ,
853 1558 945 1622 popule

61 1622 86 1669 in
98 1621 302 1685 generationem?
615 1638 692 1681 meus,
706 1622 787 1686 legem
798 1639 879 1672 meam
891 1641 898 1671 ε
909 1624 944 1671 in·

94 1686 149 1735 Aut
186 1685 344 1734 obliviscetur
379 1686 489 1736 misereri
520 1686 609 1735 clinate
620 1702 704 1736 aurem
715 1695 821 1736 vestram
834 1687 947 1736 inverba

63 1749 152 1800 Deus?
178 1757 221 1798 aut
242 1750 378 1799 continebit
404 1751 431 1800 in
452 1752 489 1800 ira
520 1751 636 1799 orismei.

63 1831 108 1863 sua
118 1814 297 1864 misericordias
308 1817 382 1864 suas?
554 1815 673 1878 Aperiam
703 1815 729 1863 in
763 1815 887 1879 parabolis
917 1831 945 1864 os

95 1879 129 1927 Et
152 1878 211 1937 dixi,
235 1878 310 1928 Nunc
333 1879 419 1943 coepi:
435 1878 490 1929 haec
520 1894 629 1927 meum:
650 1879 737 1945 loquar
765 1881 946 1944 propositiones

64 1943 169 1991 mutatio
180 1943 286 1992 dexterae
297 1944 402 1992 Excelsi.
521 1943 553 1990 ab
564 1943 641 1992 initio.

95 2007 195 2055 Memor
205 2007 240 2055 fui
251 2023 353 2071 operum
369 2008 490 2057 Domini:
554 2007 655 2069 Quanta
670 2007 808 2057 audivimus
820 2015 844 2056 et
855 2024 945 2071 cogno·

63 2071 121 2135 quia
132 2086 228 2120 mernor
239 2087 280 2120 ero
292 2072 324 2120 ab
335 2072 406 2121 initio
417 2074 489 2121 mira·
520 2072 600 2120 vimus
612 2087 641 2120 ea
653 2090 659 2120 :
670 2081 695 2121 et
705 2081 788 2136 patres
804 2074 880 2121 nostri
892 2089 945 2121 nar·

62 2136 151 2185 bilium
162 2142 268 2195 tuorum,
521 2143 636 2186 taverunt
647 2137 725 2186 nobis.

94 2200 129 2249 Et
156 2200 295 2251 meditabor
322 2201 348 2249 in
375 2202 490 2250 omnibus
553 2201 614 2249 Non
635 2210 691 2250 sunt
713 2201 835 2250 occultata
855 2217 871 2250 a
890 2201 947 2251 filiis

62 2265 178 2328 operibus
197 2268 266 2314 tuis:
283 2272 307 2314 et
326 2266 354 2314 in
372 2266 489 2315 adinven-
521 2281 605 2315 eorum
616 2283 622 2315 ε
634 2266 660 2314 in
671 2267 828 2330 generatione
839 2267 922 2316 altera.

64 2329 174 2378 tionibus
184 2330 233 2378 tuis
245 2330 381 2378 exercebor.
553 2331 688 2380 Narrantes
699 2331 784 2380 laudes
802 2332 903 2380 Domini
921 2338 946 2381 et

96 2393 173 2452 Deus,
203 2394 229 2441 in
256 2401 341 2443 sancto
362 2395 404 2442 via
430 2401 489 2454 tua;
520 2395 621 2444 virtutes
633 2394 703 2459 ejus:
720 2403 744 2444 et
760 2395 883 2444 mirabilia
894 2396 946 2459 ejus

61 2457 118 2521 quis
135 2457 205 2506 Deus
220 2473 323 2521 magnus
339 2459 401 2507 sicut
421 2459 490 2508 Deus
521 2475 576 2524 quae
588 2459 652 2508 fecit.

62 2523 164 2570 noster?
183 2527 210 2570 tu
229 2537 255 2570 es
278 2522 346 2573 Deus
368 2523 411 2588 qui
429 2523 489 2573 sacis
553 2525 587 2572 Et
619 2523 745 2573 suscitavit
778 2525 945 2573 testimonium

62 2585 192 2635 mirabilia.
519 2588 545 2637 in
563 2589 643 2652 Jacob
659 2606 665 2637 :
682 2596 706 2637 et
724 2588 805 2651 legem
821 2589 903 2652 posuit
921 2589 946 2636 in

94 2649 191 2698 Notam
202 2650 279 2700 iecisti
290 2650 316 2699 in
327 2652 426 2716 populis
443 2652 489 2700 vir·
520 2653 603 2703 Israel.

62 2719 143 2762 tutem
154 2722 222 2763 tuam
237 2733 243 2763 :
260 2717 385 2765 redemisti
396 2717 423 2765 in
433 2717 488 2766 bra·
552 2719 652 2780 Quanta
678 2717 804 2765 mandavit
835 2716 946 2779 patribus

61 2779 120 2828 chio
135 2785 179 2827 tuo
213 2780 315 2843 opulum
331 2787 408 2841 tuum,
425 2781 489 2830 filios
519 2783 633 2831 nostris:
654 2789 714 2830 nota
736 2781 816 2829 facere
838 2796 867 2828 ea
888 2779 945 2830 filiis

11 2864 15 2869 ·
61 2843 141 2908 Jacob
153 2849 177 2892 et
186 2794 287 2908 foseph.
519 2847 583 2906 suis;
612 2854 640 2894 ut
666 2852 798 2908 cognoscat
819 2847 945 2907 generatio

95 2907 218 2956 Viderunt
245 2915 270 2957 te
300 2925 378 2973 aquae,
409 2911 485 2970 DeuS,
519 2910 610 2970 altera3

61 2972 176 3021 viderunt
186 2980 211 3022 te
222 2988 292 3037 aquae
304 2981 328 3023 et
339 2974 472 3024 timuerunt
483 2994 489 3024 :
554 2974 611 3022 Filii
628 2973 671 3037 qui
688 2979 819 3022 nascentur
829 2981 853 3024 et
864 2989 944 3022 exsur-

62 3044 87 3084 et
98 3037 203 3149 turigatae
214 3044 270 3086 sunt
282 3038 369 3102 abyssi.
520 3045 579 3103 gent
594 3057 600 3087 ε
617 3047 641 3087 et
652 3038 784 3087 narrabunt
797 3037 852 3087 filiis
862 3042 917 3089 suis.

129 3109 176 3164 25
