2092 3450
53 183 114 230 Dies
124 186 173 232 IV.
434 185 542 250 itlsatmi.
811 192 926 237 Adanu.

51 337 125 388 nibus
135 338 223 404 populi
236 356 244 389 r
256 340 389 391 constitues
399 356 440 391 me
450 341 476 390 in
541 339 679 389 Exsultavit
699 346 726 388 ut
742 339 811 403 gigas
831 340 863 389 ad
881 356 934 390 cur-

51 418 81 450 cn
99 409 126 451 ut
136 404 254 466 gentium.
508 405 610 453 rendam
621 404 688 452 viam
707 420 714 453 t
730 419 746 452 a
757 419 854 453 summo
871 406 935 454 coelo

81 417 194 530 {opulus
212 483 286 532 quem
303 484 354 518 non
371 470 476 534 cognovi
508 469 615 532 egressio
626 468 695 532 ejus:

50 531 150 579 servivit
166 532 227 580 mihi
244 549 251 582 t
267 533 293 581 in
309 534 395 583 auditu
411 535 476 584 auris
540 533 574 581 Et
596 549 710 582 occursus
732 532 785 596 ejus
806 549 884 597 usque
902 534 935 582 ad

50 594 161 644 obedivit
173 596 241 647 mihi.
508 612 630 645 summum
648 597 700 660 ejus
719 615 725 646 τ
742 613 789 645 nec
805 598 895 662 estqui
908 614 934 647 se

84 659 142 707 Filii
149 660 223 710 alieni
228 661 327 710 mentiti
336 669 392 711 sunt
399 663 476 712 mihiz
507 661 642 710 abscondat
654 677 669 709 a
680 661 761 710 calore
773 661 832 724 ejus.

50 722 95 771 filii
116 724 192 773 alieni
212 725 340 775 inveterati
362 734 426 786 sunt,
451 734 476 776 et
540 725 932 785 LexDominiimmacrilatacon-

49 787 377 839 claudicaveruntasemitis
388 793 444 841 suis.
506 796 603 838 vertens
623 791 717 838 animas
737 807 743 838 ε
766 791 933 839 testimonium

81 851 152 900 Vivit
161 853 290 915 Dominus,
301 862 325 903 et
331 856 475 905 benedictus
507 853 610 902 Domini
622 854 702 912 fidele,
714 854 859 918 sapientiam
870 871 932 919 prae·

49 915 118 964 Deus
129 931 199 966 meus
213 935 220 966 ε
237 924 261 967 et
272 919 392 968 exaltetur
406 921 475 970 Deus
506 925 573 966 stans
584 919 698 980 parvulis.

47 979 134 1029 salutis
144 995 214 1030 meae.
541 983 648 1044 Justitiae
696 982 800 1031 Domini
848 991 928 1042 rectae,

81 1044 151 1093 Deus
162 1046 260 1108 quidus
270 1046 391 1098 vindictas
402 1049 471 1107 mihi,
505 1045 658 1095 laetificantes
669 1047 745 1095 corda
759 1064 765 1095 ε
781 1056 930 1111 praeceptum

47 1116 71 1156 et
83 1108 169 1157 subdis
176 1111 282 1174 populos
291 1112 473 1162 submezlibe·
506 1110 609 1158 Domini
642 1111 760 1171 lucidum,
791 1112 931 1161 illuminans

47 1180 114 1220 rator
124 1188 193 1222 meus
201 1174 234 1224 de
242 1175 347 1225 inimicis
357 1177 419 1226 meis
427 1178 474 1226 ira·
505 1175 596 1223 oculos.

47 1236 142 1286 eundis.
293 1233 296 1242 '
537 1239 625 1287 Timor
636 1239 739 1288 Domini
750 1247 862 1300 sanctus3
876 1256 931 1305 per·

80 1300 114 1348 Et
132 1301 166 1350 ab
187 1301 369 1367 insurgentibus
387 1305 413 1354 in
433 1322 473 1354 me
504 1309 588 1351 manet
599 1304 625 1351 in
636 1304 753 1352 saeculum
769 1305 852 1353 saeculi
871 1323 876 1352 :
891 1305 929 1367 ju·

45 1364 167 1414 exaltabis
187 1382 228 1416 me
250 1385 257 1418 ς
279 1383 295 1416 n
315 1369 368 1418 viro
387 1370 472 1434 iniquo
505 1365 571 1415 dicia
584 1368 693 1416 'Domini
712 1384 777 1426 vera,
797 1368 930 1432 justificata

45 1429 80 1476 en'
99 1428 135 1478 ies
146 1445 196 1480 me.
503 1431 530 1478 in
541 1432 677 1495 semetipsa.

78 1444 214 1558 {copterea
231 1495 367 1546 confitebor
383 1498 428 1546 tibi
446 1499 472 1547 in
537 1496 717 1544 Desiderabilia
744 1512 818 1560 super
844 1513 927 1545 aurum

43 1557 193 1617 nationibus,
202 1560 472 1611 DominetetNomini
504 1565 528 1607 et
559 1560 669 1624 lapidem
701 1561 835 1623 pretiosum
867 1563 928 1609 mul·

44 1622 222 1734 turpvpsnlmum
232 1624 322 1674 dicam.
503 1631 556 1671 tum
576 1642 582 1672 ι
599 1633 623 1673 et
634 1624 745 1673 dulciora
760 1640 833 1688 super
844 1625 893 1674 mel
904 1636 928 1674 et

109 1686 243 1750 agniticans
280 1690 372 1739 salutes
407 1691 471 1754 regis
503 1687 593 1736 favum.

42 1748 104 1811 ejus,
124 1758 149 1799 et
167 1751 259 1801 iaciens
278 1753 470 1804 misericordiam
535 1752 634 1800 Etenim
651 1768 734 1801 servus
750 1760 805 1801 tuns
822 1754 927 1803 custodit

43 1813 146 1863 Christo
157 1830 202 1864 suo
216 1817 299 1865 David
318 1835 325 1866 ε
342 1826 367 1868 et
382 1819 470 1869 semini
502 1830 532 1864 ea
547 1834 552 1864 :
570 1817 595 1864 in
612 1817 777 1866 custodiendis
795 1817 842 1866 illis
860 1819 928 1867 retri-

42 1877 96 1940 ejus
107 1879 356 1943 usqueinsaeculum.
501 1880 571 1928 butio
583 1881 667 1928 multa

535 1944 634 2018 Delicta
656 1944 710 2019 quis
733 1943 868 2008 intelligit?
894 1947 926 1994 ab

63 2040 191 2089 n1ns1v.
231 2037 440 2098 autumnitas,
501 2008 883 2135 2fi22¹12¹⁵p2¹ss²e⁵52¹ss¹v¹2dssuffe²el
895 2012 926 2058 ab

145 2157 275 2209 ΡΜ
292 2160 367 2210 x1x.
500 2137 924 2251 cultillntlttiltltlttt

102 2257 175 2306 OELI
182 2260 403 2323 enanantgloriam
408 2261 467 2311 Dei:
499 2265 578 2312 dabor
589 2281 604 2312 a
615 2266 705 2314 delicto
715 2267 830 2314 maximo.

125 2328 149 2370 et
158 2337 357 2385 operamanuum
366 2325 467 2389 ejusan-
532 2329 565 2377 Et
593 2339 663 2378 erunt
694 2337 722 2377 nt
755 2330 923 2393 complaceant

39 2384 138 2433 nuntiat
150 2385 337 2438 firmamentum.
499 2392 598 2456 eloquia
609 2395 657 2442 oris
668 2394 717 2442 mei
736 2411 743 2442 z
759 2402 784 2442 et
795 2395 923 2443 meditatio

73 2449 135 2497 Dies
145 2450 195 2499 diei
207 2459 300 2500 eructat
309 2453 467 2504 verbumzet
499 2457 579 2506 cordis
606 2458 655 2506 mei
677 2459 703 2507 in
726 2467 858 2522 conspectu
879 2467 922 2506 tuo

39 2528 89 2561 nox
101 2513 169 2562 nocti
177 2514 268 2564 indicat
279 2516 413 2567 scientiam
498 2535 601 2584 semper.

72 2576 133 2625 Non
141 2592 198 2627 sunt
206 2578 317 2643 loquelae,
330 2597 409 2646 neque
417 2599 465 2631 ser·
530 2585 639 2635 Domine
661 2587 759 2648 adjutor
779 2602 848 2635 meus
868 2603 875 2635 c
899 2594 923 2635 et

38 2656 126 2691 mones
140 2659 147 2690 ε
161 2658 265 2706 quorum
273 2660 325 2693 non
336 2646 466 2695 audiantur
497 2648 638 2714 redemptor
649 2667 724 2700 meus

38 2721 113 2754 voces
124 2721 215 2756 eomm.

72 2769 103 2818 In
118 2785 218 2820 omnem
234 2778 324 2821 terram
340 2775 414 2823 exivit
425 2791 463 2824 so·

37 2849 85 2882 nus
105 2849 189 2883 eorum
208 2854 215 2885 r
233 2844 257 2884 et
276 2837 302 2885 in
320 2837 381 2888 fines
397 2841 464 2889 orbis
603 2844 732 2892 PsnLnus
749 2842 808 2892 XX.

38 2908 110 2947 terrae
119 2899 220 2948 verbum
231 2916 323 2950 eorum.

72 2962 103 3010 In
113 2963 165 3012 sole
180 2965 263 3028 posuit
279 2966 462 3017 tabernaculum
564 2971 734 3020 XAUDIAT
753 2977 778 3019 te
797 2971 920 3021 Dominus

36 3041 109 3074 suum
121 3043 128 3074 τ
139 3028 181 3076 eti
199 3035 351 3093 setanquam
359 3046 463 3096 sponsus
590 3036 615 3083 in
623 3035 663 3084 die
670 3034 833 3084 tribulationis
845 3053 851 3084 ε
863 3052 918 3100 pro·

36 3090 174 3219 procegdzesns
181 3043 217 3142 de
227 3092 336 3144 malano
347 3110 399 3146 suo.
494 3104 561 3164 tegat
571 3106 597 3150 te
609 3099 710 3151 Nomen
721 3099 875 3168 Deliacon.

472 3175 488 3214 Ρ
