2092 3450
10 1072 13 1183 l
56 1111 71 1174 J

10 1266 27 1335 l.

254 207 386 265 huminira
403 209 449 265 lii.
466 213 525 277 pust
543 208 722 277 Epiphaniam.

59 343 169 396 habent:
194 344 230 393 ita
248 343 320 393 multi
337 360 413 393 unum
431 361 483 394 cor·
515 350 558 403 est,
583 350 640 408 post
661 344 770 393 triduum
796 344 939 394 invenerunt

60 423 103 471 pus
121 423 208 457 sumus
224 408 251 457 in
269 408 375 469 Christo,
395 409 485 472 singuli
514 407 584 456 illum
606 409 631 457 in
653 407 747 472 templo
768 408 894 457 sedentem
916 409 941 457 in

58 479 139 521 autem
151 471 324 522 alteralterius
334 473 451 522 membra.
514 472 597 521 medio
629 473 767 532 doctorum,
800 473 941 521 audientem

514 535 578 596 illos,
609 542 634 585 et
664 537 856 598 interrogantem
888 552 937 585 eos.

172 588 348 657 hirundines.
516 600 654 675 Stupebant
681 607 764 649 autem
791 616 877 648 omnes
898 602 942 664 qui

166 695 193 746 ὃ·
208 695 319 745 riae
334 708 372 757 ⁴¹·
515 665 820 792 timetittttiritif
835 665 940 777 pidet:

122 790 147 839 Τ
158 791 229 840 ibant
245 799 358 855 parentes
374 791 426 855 ejus
440 808 485 856 per
515 793 601 842 dentes
612 792 725 841 admirati
736 800 799 842 sunt.
834 793 867 841 Et
877 793 940 841 dixit

156 871 243 904 omnes
254 871 333 904 annos
346 856 373 904 in
387 858 484 921 Jerusa-
514 865 592 904 mater
603 856 654 919 ejus
665 857 698 905 ad
709 857 795 905 illum:
814 856 869 916 Fili,
881 858 940 920 quid

58 918 114 978 lem,
136 918 163 968 in
185 919 227 969 die
249 919 353 969 solemni
373 921 480 969 Pasehae.
515 920 594 969 fecisti
616 921 688 969 nobis
710 921 765 970 sic?
792 936 848 969 ecee
869 928 939 984 pater

58 983 90 1032 Et
109 998 167 1032 cum
186 983 266 1032 faetus
284 991 347 1033 esset
364 1000 485 1033 annorum
515 991 571 1032 tuus
583 991 607 1033 et
624 1000 670 1048 ego
686 984 798 1034 dolentes
814 986 939 1048 quaereba-

58 1047 198 1108 duodecim,
223 1049 411 1097 ascendentibus
436 1049 485 1097 illis
515 1064 570 1097 mus
581 1056 611 1097 te.
650 1049 684 1097 Et
694 1049 729 1097 ait
740 1049 772 1097 ad
784 1049 855 1097 illos:
873 1049 940 1111 Quid

72 1111 238 1175 erosolymam
264 1113 399 1161 secundum
426 1127 484 1168 con·
516 1112 633 1176 estquod
648 1129 689 1161 me
705 1113 871 1177 quaerebatis?
886 1129 939 1162 nes-

58 1175 214 1224 suetudinem
230 1175 281 1225 diei
296 1176 358 1235 festi,
373 1191 485 1226 consum·
516 1177 617 1225 ciebatis
628 1177 686 1241 quia
697 1176 723 1225 in
734 1177 772 1225 his
789 1193 844 1241 quae
861 1177 940 1226 Patris

58 1240 180 1303 mutisque
191 1239 286 1298 diebus,
300 1255 357 1289 cum
367 1241 482 1300 redirent,
516 1240 565 1290 mei
577 1248 634 1290 suut
645 1247 743 1304 oportet
753 1257 793 1290 me
805 1242 887 1291 essel.
907 1242 941 1290 Et

58 1304 174 1353 remansit
195 1318 257 1367 puer
276 1305 348 1368 Jesus
368 1304 395 1352 in
415 1305 486 1369 Jeru·
515 1305 563 1369 ipsi
580 1321 631 1353 non
648 1305 820 1354 intellexerunt
838 1305 940 1354 verbum

59 1367 143 1427 salem,
174 1374 200 1416 et
234 1383 285 1417 non
318 1376 485 1431 cognoverunt
515 1368 583 1432 quod
600 1369 697 1418 locutus
716 1375 753 1418 est
770 1369 802 1417 ad
822 1384 870 1418 eos.
908 1370 941 1417 Et

59 1438 173 1494 parentes
201 1431 260 1494 ejus.
310 1432 486 1481 Existimantes
515 1433 641 1482 descendit
668 1448 724 1482 cum
752 1433 794 1492 eis,
823 1439 847 1481 et
873 1434 941 1481 venit

59 1503 142 1544 autem
158 1495 229 1544 illurn
246 1511 298 1546 esse
313 1497 340 1544 in
357 1497 482 1556 comitatu,
516 1496 654 1546 Nazareth:
671 1504 694 1546 et
702 1503 753 1546 erat
762 1497 873 1545 subditus
881 1497 937 1547 illis.

58 1566 179 1609 venenint
196 1561 243 1609 iter
259 1560 317 1619 diei,
338 1568 362 1610 et
379 1560 485 1624 require·
516 1561 549 1609 Et
560 1568 639 1610 mater
650 1561 702 1624 ejus
713 1561 873 1610 conservabat
889 1576 940 1610 om-

59 1623 118 1672 bant
141 1639 199 1672 eum
226 1624 291 1673 inter
316 1632 434 1688 cognatos
461 1632 486 1674 et
515 1625 701 1674 niaverbahaec
709 1626 735 1673 in
747 1626 820 1674 corde
831 1641 881 1674 suo.
909 1626 942 1673 Et

59 1694 139 1736 notos.
187 1687 221 1736 Et
246 1703 297 1738 non
323 1689 482 1747 invenientes,
514 1690 586 1753 Jesus
605 1689 749 1753 proficiebat
768 1689 897 1753 sapientia,
916 1698 941 1737 et

59 1750 161 1814 regressi
194 1759 250 1800 sunt
282 1753 309 1800 in
339 1753 483 1816 Jerusalem,
515 1760 594 1812 aetate,
609 1760 633 1801 et
644 1753 723 1816 gratia
739 1753 805 1816 apud
822 1755 905 1803 Deum
917 1762 941 1801 et

59 1816 210 1879 requirentes
234 1832 297 1866 eum.
334 1817 368 1865 Et
394 1817 486 1866 factum
516 1818 634 1867 homines.

10 2422 20 2461 h

235 2019 367 2078 hominia
383 2021 497 2079 Semnus
513 2023 571 2089 urst
586 2019 764 2089 Ennianum.

216 2131 315 2186 eratin.
515 2135 567 2211 sive
583 2136 738 2248 prophetiam
754 2137 888 2212 secundum
904 2153 941 2184 ra·

128 2232 374 2283 MNIPOTENS
397 2232 486 2296 sempi·
516 2208 609 2248 tionem
643 2200 692 2259 der,
711 2216 763 2248 sive
782 2202 942 2249 ministerium

516 2264 543 2312 in
559 2264 727 2325 ministrando,
744 2264 795 2313 sive
811 2265 854 2328 qui
869 2265 942 2314 docet

517 2328 543 2376 in
560 2328 680 2388 doctrina,
698 2328 740 2392 qui
758 2329 899 2377 exhortatur
916 2329 943 2376 in

518 2391 678 2452 exhortando,
716 2393 759 2456 qui
794 2393 879 2442 tribuit
916 2393 941 2441 in

518 2455 681 2520 simplicitate,
718 2457 761 2520 qui
794 2464 882 2532 praeest
915 2457 942 2504 in

517 2520 689 2579 sollicitudine,
710 2521 752 2584 qui
771 2529 898 2570 miseretur
916 2521 942 2568 in

61 2617 487 2681 rerrmchemvomuum
517 2584 941 2708 tirrruissttrrrrrjuz

61 2688 180 2730 ΝΜ·
216 2683 304 2730 Amen·
517 2712 638 2761 haerentes
654 2713 740 2761 bono:
759 2712 878 2760 charitate
895 2711 941 2758 fra·

200 2782 325 2849 Epigtflia,
518 2777 638 2825 ternitatis
661 2777 767 2825 invicem
795 2776 942 2838 diligentes:

164 2876 244 2925 ΜΚ
326 2876 340 2891 ..
363 2876 379 2926 6
516 2840 610 2889 honore
626 2841 732 2889 invicem
748 2840 942 2902 praevenientes:

244 2891 293 2926 ⁰¹2
307 2893 348 2926 ¹²¹·
379 2915 385 2926 ·
516 2903 746 2954 solticitudinenon
762 2903 840 2966 pigri:
857 2902 942 2966 spiritu

137 2965 303 3016 ABENTES
314 2972 397 3015 autem
410 2966 486 3014 dona·
517 2967 654 3017 ferventes:
672 2967 781 3016 Domino
793 2966 924 3015 servientes
936 2985 942 3014 ε

153 3029 234 3079 tiones
241 3030 375 3079 seeundum
383 3031 487 3094 gratiam
517 3047 561 3096 spe
574 3033 727 3095 gaudentes:
744 3031 770 3078 in
786 3031 942 3080 tribulatione·

62 3108 117 3157 quae
128 3093 188 3143 data
197 3101 235 3144 est
243 3095 322 3155 nobis,
332 3095 470 3144 differentes
480 3112 487 3154 3
517 3096 639 3160 patientes
650 3113 657 3146 ι
682 3095 790 3146 orationi
806 3095 950 3146 instantes:

126 3169 158 3218 43

155 2303 225 2346 terne
236 2297 313 2356 Deus,
325 2297 368 2361 qui
379 2297 488 2346 coelestia

60 2361 135 2411 simul
153 2367 178 2410 et
196 2361 319 2410 terrestria
336 2361 487 2409 moderaris:

61 2425 262 2490 supplicationes
280 2425 368 2490 populi
386 2425 422 2474 tui
439 2425 487 2474 cle·

60 2495 159 2538 menter
168 2489 265 2548 exaudi,
280 2498 304 2538 et
316 2504 403 2554 pacem
419 2497 487 2538 tuam

60 2553 151 2602 nostris
187 2553 295 2602 concede
326 2554 484 2616 temporibus.
