2092 3450
300 206 420 274 artemia
431 202 553 260 llrrlrstar
565 200 733 258 &multatae

75 333 155 391 lesum
165 332 410 390 Christumobsecro,
422 331 495 381 need
531 332 599 381 mine
621 331 671 381 Dei
694 332 765 389 voco,
790 346 837 395 pro
860 329 961 380 Christo

72 413 135 456 eam,
151 406 202 445 tam
214 406 325 446 amanter
341 398 424 446 aDeo
441 397 496 459 ipso
531 413 576 446 vos
587 397 673 455 invito,
694 404 718 444 et
737 404 840 459 propter
856 394 960 443 salutem

74 462 161 520 vocati,
177 462 261 510 venire
278 462 398 510 adnuatis.
435 462 496 509 Non
531 469 638 511 vestram
672 461 800 518 adhortor,
830 467 859 509 ut
887 459 960 522 hujus

71 526 190 589 ignoratis
198 542 273 590 quam
285 526 418 575 molestum
429 527 461 574 sit
473 533 498 574 et
532 541 607 574 sacrae
625 524 815 574 Communionis
832 524 885 572 sitis
905 540 960 586 par·

71 591 242 650 inhumanum,
263 591 337 654 quod,
363 606 420 639 cum
442 591 497 654 quis
532 591 626 654 ticipes.
665 589 729 638 Cum
741 589 807 639 enim
821 588 899 636 Filius
910 588 960 637 Dei

72 655 231 718 magnificum
255 655 411 719 apparaverit
439 670 497 703 con·
531 671 582 703 non
613 654 761 718 dedignatus
789 653 821 701 sit
846 652 959 701 animam

73 721 173 778 vivium,
188 727 212 767 et
229 735 339 768 mensam
352 735 422 767 suam
434 719 498 766 adeo
531 735 601 767 suam
610 734 656 782 pro
668 719 747 767 salute
755 726 837 767 vestra
845 718 871 765 in
880 717 960 766 Cruce

72 784 151 847 epulis
162 784 302 832 instruxerit
319 791 347 832 ut
360 783 422 832 nihil
434 783 498 832 desit
532 784 662 832 moriendo
680 798 781 846 ponere,
801 789 899 846 oportet
914 797 959 831 vos

71 848 119 896 nisi
130 857 157 897 ut
166 848 278 897 convivae
285 849 440 906 accumbant,
450 848 498 910 ipsi
532 848 558 902 in
574 848 721 896 memoriam
739 846 851 896 sacrificii
871 847 960 894 mortis

72 913 115 977 qui
137 913 221 961 vocati
247 921 305 962 sunt
331 921 383 962 tam
405 920 499 961 temere
532 913 593 976 ejus,
618 912 682 961 sicut
703 912 757 976 ipse
777 911 857 974 jussit,
883 911 958 959 Com·

72 993 148 1042 quam
166 978 261 1040 ingrate
280 986 372 1040 negent
394 992 421 1026 se
438 978 498 1024 affu-
532 977 675 1026 munionem
689 977 808 1039 accipere.
845 974 920 1037 Quod
937 975 958 1024 si

72 1053 147 1091 turos.
184 1042 246 1104 Quis
255 1051 371 1100 vestrum,
382 1041 403 1089 si
414 1057 498 1090 secum
532 1041 664 1104 negligitis,
672 1040 958 1089 consideratevobiscum

72 1123 103 1155 eo
114 1115 189 1170 pacto
200 1115 321 1168 ageretur,
335 1121 386 1154 non
398 1121 498 1156 succen·
532 1105 770 1170 quantaminjuriam
776 1104 955 1162 Deoinleratis,

72 1172 152 1219 seret?
188 1171 251 1232 Quis
272 1186 323 1218 non
345 1180 445 1233 gravem
461 1171 498 1218 in·
532 1178 557 1219 et
575 1185 649 1234 quam
666 1186 741 1233 grave
758 1169 907 1233 supplicium
924 1169 957 1217 ob

70 1235 160 1299 iuriam
189 1235 236 1283 sibi
264 1235 356 1283 factum
384 1236 500 1298 putaret?
531 1235 580 1283 hoc
601 1234 673 1282 vobis
699 1235 835 1292 immineat,
860 1235 920 1282 dum
942 1249 958 1282 a

73 1300 251 1361 Quamobrem,
286 1299 440 1348 dilectissimi
472 1298 499 1346 in
533 1300 622 1348 Mensa
633 1299 767 1347 Dominica
778 1298 901 1347 obstinate
912 1313 957 1346 vos

73 1365 182 1423 Christo,
205 1364 320 1422 caveatis,
340 1379 432 1427 quaeso,
456 1379 496 1422 ne,
532 1364 671 1420 continetis,
691 1363 868 1426 sejungitisque
884 1362 956 1411 alra·

73 1445 168 1477 sacram
200 1427 265 1476 hanc
298 1428 403 1477 Coenam
431 1427 499 1475 devi·
532 1429 618 1488 tribus,
629 1428 672 1491 qui
683 1437 711 1476 ut
723 1428 802 1491 epulis
814 1426 956 1475 illiscoeles·

73 1501 161 1550 tames,
181 1501 267 1541 contra
283 1508 327 1541 vos
349 1492 498 1554 indignatio·
532 1493 599 1541 tibus
631 1503 760 1541 vescantur
795 1491 951 1541 conveniunt.

73 1573 132 1606 nem
141 1558 190 1605 Dei
198 1557 385 1605 commoveatis.
415 1557 499 1616 Facile
533 1558 596 1619 Quae
612 1556 633 1605 si
644 1556 708 1606 serio
725 1555 892 1620 perpendatis,
906 1556 955 1604 Dei

74 1630 111 1670 est
130 1622 231 1696 quidem
249 1622 325 1680 dictu,
346 1621 415 1669 Nolo
432 1636 499 1669 com·
532 1621 611 1686 gratia
627 1621 731 1670 meliora
748 1621 871 1670 sentietis:
888 1621 955 1683 quod

73 1702 207 1744 munrcare,
227 1701 285 1733 nam
301 1685 433 1750 quominus
451 1684 499 1733 hoc
532 1695 559 1735 ut
566 1685 617 1744 fiat,
627 1686 684 1735 Deo
694 1685 875 1748 Omnipotenti,
888 1684 955 1733 Patri

74 1751 163 1799 faciam
185 1751 311 1798 mundana
326 1750 427 1812 negotia
442 1765 499 1812 pro·
532 1750 609 1799 nostri
626 1749 729 1810 coelesti,
748 1749 887 1814 supplicare
904 1765 955 1798 non

74 1816 168 1864 hibent.
205 1815 266 1863 Non
282 1822 366 1863 tamen
381 1814 417 1862 ita
427 1813 500 1862 facile
531 1814 679 1865 desinemus.

75 1895 159 1928 coram
174 1878 231 1927 Deo
247 1878 400 1941 accipiuntur
415 1878 499 1941 hujus·

74 1944 143 1992 modi
171 1943 346 1992 excusationes.
390 1943 418 1992 si
445 1943 500 2006 quis

75 2007 500 2071 dicat,Accederenonaudeo,quia
533 1982 605 2035 cum
624 1981 793 2061 Pelebfflnda
811 1990 854 2036 est
876 1983 957 2061 Com-

74 2073 182 2136 graviter
203 2072 317 2135 peceavi:
334 2087 385 2130 cur,
405 2086 497 2134 quaeso,
567 2069 672 2116 munio,
686 2053 759 2105 hanc
778 2054 956 2105 Exhortatio-

75 2153 125 2185 non
135 2153 161 2186 se
170 2137 278 2198 corrigit,
293 2144 317 2184 et
328 2152 408 2185 mores
417 2151 500 2185 emen·
568 2139 635 2176 nem
647 2123 745 2177 recitet
758 2122 906 2178 Sacerdos.

75 2203 134 2250 dat?
166 2201 259 2249 Nonne
275 2216 320 2249 vos
338 2201 423 2264 pudet,
443 2201 501 2248 Deo
726 2248 732 2261 ,
791 2247 798 2261 ,
831 2247 837 2260 ,
870 2247 877 2261 ,
927 2241 952 2261 ,,

74 2273 189 2324 vocante,
202 2280 293 2327 negare
307 2281 353 2313 vos
369 2264 501 2313 affuturos?
600 2249 657 2316 OS,
704 2248 895 2311 dllectlsslml,
926 2265 955 2302 ln

76 2333 119 2378 An
130 2346 182 2388 vos,
198 2330 297 2393 quando
313 2329 345 2377 ad
363 2330 447 2377 Deum
463 2344 500 2377 re·
642 2320 775 2386 Domino,
800 2319 847 2388 qui
871 2319 955 2371 vultis

76 2394 202 2443 dcundum
210 2403 254 2453 est,
264 2392 426 2442 excusabitis?
457 2395 501 2440 An
534 2388 571 2443 ad
617 2390 734 2443 Sacram
777 2388 955 2442 Communio·

76 2475 121 2507 vos
132 2459 214 2506 minus
227 2465 325 2521 paratos
337 2473 390 2506 esse
401 2456 500 2521 profite-
534 2476 601 2513 nem
614 2459 744 2529 Corporis
758 2468 785 2512 et
805 2458 956 2526 Sanguinis

77 2523 180 2572 bimini?
218 2522 354 2570 Vobiscum
371 2521 503 2584 diligenter
537 2529 640 2583 christi
678 2528 831 2582 salvatoris
867 2529 955 2581 nostri

36 2645 37 2648 ,
76 2587 203 2651 reputetis,
234 2602 308 2650 ‘luam
321 2650 326 2661 ,
341 2586 402 2634 ”ihil
419 2586 501 2661 ,llmd
535 2600 678 2665 accedere,
688 2598 866 2652 considerare
876 2614 956 2666 opor-

77 2652 162 2714 Deum
174 2651 271 2700 valeant
284 2650 502 2726 h¹¹J¹¹⁵¹¹²⁰dlsl⁰⁸ae
535 2679 575 2723 tet
587 2669 728 2739 quomodo
739 2670 843 2720 Beatus
854 2668 957 2720 Paulus

77 2717 253 2794 Px⁰¹¹⁵lfi⁰¹¹e⁵·
290 2715 345 2791 Qui
361 2730 502 2764 ⁶⁰¹W¹V¹¹¹¹¹²
536 2755 633 2793 omnes
651 2739 820 2805 cohortatur,
832 2747 863 2791 ut
881 2737 956 2806 prius

77 2782 140 2829 illud
152 2797 177 2828 rn
190 2779 328 2855 hvangelro
338 2780 396 2828 rdeo
408 2795 502 2828 recusa·
536 2827 567 2862 se
600 2808 719 2878 probent
752 2817 779 2860 et
807 2807 958 2876 inspiciant

77 2854 149 2918 runt,
162 2860 220 2908 quia
243 2844 328 2891 villam
351 2852 500 2907 empserunt,
540 2886 542 2890 .

77 2920 119 2959 aut
140 2925 200 2972 juga
216 2909 292 2957 boum
312 2909 417 2972 probare
434 2908 503 2965 volu-
536 2896 622 2948 <luam
642 2878 686 2958 de,
700 2878 777 2958 Pane
798 2877 845 2958 illo
867 2877 959 2944 edere,

78 2983 158 3033 erunt,
168 2981 210 3021 aut
218 2988 306 3021 uxores
314 2969 446 3030 duxerunt,‘
453 2987 504 3020 non
538 2959 564 3016 ,εἴ
578 2948 613 3002 de
626 2947 722 3001 Callce
734 2947 781 3001 1Πο
794 2947 899 3014 blbere,
910 2964 957 3000 au·

78 3040 112 3088 ob
120 3039 175 3086 haec
184 3037 291 3086 excusati
301 3037 451 3097 habitisunt,
461 3036 505 3084 sed
537 3019 631 3072 deam·
678 3019 755 3071 Nam
773 3017 844 3071 Sicut
863 3018 959 3070 admo·

79 3103 174 3153 coelesti
185 3103 299 3150 convivio
310 3101 413 3165 indigni.
450 3100 503 3149 Vos
536 3089 604 3142 dum
617 3087 737 3142 salutare
751 3098 794 3141 est
812 3087 964 3154 poenitenti

77 3168 160 3232 igitur,
175 3183 221 3230 pro
237 3166 319 3216 officio
334 3181 392 3215 meo
408 3165 435 3215 in
450 3165 504 3216 No·
538 3158 627 3215 corde
651 3168 682 3214 et
702 3157 774 3210 uiua
793 3155 859 3205 hoe
882 3165 983 3201 saero-

139 3241 188 3293 4¹5
