2040 3458
184 165 317 224 fflantnira
334 171 455 229 aaran:
475 175 578 232 &natta
596 185 653 246 nnat
671 183 830 243 Crinittlnu.

202 375 333 434 Bannatia
342 376 464 435 litantia
476 379 577 435 &uuna
587 382 644 449 prat
655 379 810 436 distantiat.

225 483 324 540 &tutin
523 483 550 532 in
571 483 639 533 omni
661 499 735 549 opere
756 483 824 533 bono
850 481 949 531 inretiti·

126 571 277 632 BSOLVR
287 588 425 637 quaesumus
440 572 493 620 Do,
523 555 613 607 cantes,
628 556 653 598 et
664 555 798 598 crescentes
809 547 834 596 in
849 546 951 595 scientia

160 637 228 686 ming
247 610 493 701 tuommdefiet'apo,
525 613 588 662 Dei:
599 613 625 662 in
637 614 705 662 omni
716 613 806 662 virtute
819 610 951 660 confortati

61 699 195 764 palorum.
212 673 241 750 u't
256 716 302 750 nos
313 717 399 750 omnes
410 717 425 750 a
435 716 492 766 pec,
523 678 657 726 secundum
676 677 813 742 potentiam
833 674 950 725 claritatis

64 739 196 814 oetomm'
212 766 324 826 nexibus,
364 781 419 829 quae
446 781 493 830 pm
523 741 582 805 ejus,
596 742 702 791 inomni
717 741 838 806 patientia
853 747 878 789 et
894 739 948 787 lon·

62 837 148 879 nostra
164 830 298 893 fragilitate
315 830 489 888 contraximus,
522 806 666 869 ganimitale
677 822 733 855 cum
744 805 844 881 giudi⁰t
857 803 949 879 ΨΜ

62 893 265 958 tuabenignitate
274 895 411 944 liberemur.
433 895 492 943 Hoc
522 871 691 946 “gemelliw
708 872 782 929 ΡΜ
802 869 949 944 qu¹.d¹g¹¹⁰³

61 958 179 1018 concede,
188 960 262 1007 Pater
268 958 381 1018 coelestis,
391 967 493 1023 propter
522 951 568 984 ¹¹⁰⁵
579 935 636 1010 fecit
647 951 672 983 ¹¹²
689 944 784 1010 limem
795 941 867 982 ⁵⁰m⁵
879 948 948 981 ⁵³¹¹*

61 1023 151 1098 mena
160 1024 224 1098 Jesu
240 1023 340 1083 curisti,
357 1022 492 1098 beatissimi
523 1006 604 1048 mmm
615 1015 641 1048 ¹¹¹
652 999 751 1048 ΜΘ·

62 1088 168 1136 Domrm
190 1096 215 1136 et
241 1088 377 1137 Salvatoris
403 1096 488 1136 nostri.
641 1112 812 1182 manippum

61 1154 151 1201 Am
630 1201 656 1252 S.
672 1202 744 1250 Matt.
757 1200 788 1250 irc
803 1197 839 1248 18.

215 1238 344 1332 mmai
597 1282 654 1332 AEC
662 1282 779 1346 loquente
788 1281 848 1344 Jesu
856 1280 888 1327 ad
896 1278 946 1327 dis·

160 1320 210 1370 Ad·
228 1320 322 1371 C⁰l⁰⁵⁵'
336 1337 352 1370 ¹·
367 1334 390 1384 3·
640 1347 735 1411 cipulos
754 1345 866 1411 Joannis,
891 1358 948 1397 ecce

127 1409 264 1485 RATIns
280 1409 376 1486 agimus
387 1411 451 1469 Deo,
466 1417 491 1484 et
521 1413 638 1476 princeps
676 1426 739 1460 unus
777 1408 886 1484 accessit,
894 1413 946 1519 Det

60 1489 121 1603 Jes'd
136 1475 239 1598 Chliisttri,
255 1475 490 1603 selmopneissrolitdsliii
520 1473 948 1601 iiiiiireffbiiiaiilgla'milddnde'suncia

61 1610 180 1653 orantes:
202 1604 329 1652 audientes
345 1603 420 1652 fidem
436 1619 489 1651 ves·
521 1614 575 1654 est:
592 1606 635 1654 sed
646 1605 710 1662 veni,
730 1603 830 1666 impone
846 1615 947 1650 manum

61 1668 163 1717 tramin
176 1667 275 1717 Christo
287 1668 355 1732 Jesu,
374 1676 398 1717 et
414 1668 490 1716 dilec·
521 1677 589 1718 tuam
600 1684 747 1733 supeream,
767 1674 792 1716 et
802 1666 876 1715 vivet.
914 1666 947 1713 Et

61 1732 156 1781 tionem
167 1748 243 1796 quam
253 1732 349 1781 habetis
356 1733 382 1781 in
392 1739 490 1781 sanctos
520 1749 620 1797 surgens
629 1734 701 1796 Jesus
717 1731 865 1797 sequebatur
880 1745 944 1785 eum,

61 1812 155 1856 omnes,
175 1803 277 1860 propter
292 1812 362 1860 spem
381 1813 437 1860 quae
453 1811 490 1844 re·
521 1808 545 1847 et
556 1798 670 1862 discipuli
687 1797 745 1860 ejus.
783 1796 816 1843 Et
827 1810 883 1843 ecce
894 1811 947 1842 mu·

60 1861 144 1925 posita
153 1868 192 1910 est
201 1861 398 1910 vobisincoelis:
414 1876 490 1924 quam
520 1864 572 1923 lier,
587 1878 642 1927 quae
653 1859 777 1924 sanguinis
792 1859 885 1908 fluxum
902 1874 946 1922 pa·

61 1925 489 1974 audistisinverboveritatisevan·
521 1929 627 1977 tiebatur
649 1925 781 1974 duodecim
802 1924 881 1982 annis,
906 1939 947 1972 ac·

59 1990 139 2052 gelii:
167 1989 235 2053 quod
252 1990 364 2052 pervenit
380 1988 412 2038 ad
434 2005 487 2048 vos,
521 1992 593 2041 cessit
604 1997 676 2050 retro,
691 1997 714 2038 et
726 1989 807 2052 tetigit
824 1988 946 2037 fimbriam

60 2057 123 2106 sicut
152 2067 177 2107 et
203 2053 230 2102 in
257 2053 370 2103 universo
395 2054 490 2102 mundo
520 2055 659 2105 vestimenti
670 2054 729 2117 ejus.
766 2053 872 2101 Dicebat
881 2053 947 2102 enim

10 2174 12 2179 ¹
61 2125 106 2176 est,
131 2127 157 2166 et
178 2117 316 2177 fructificat,
341 2125 366 2167 et
392 2117 486 2176 crescit,
520 2121 584 2169 intra
602 2135 647 2168 se:
676 2119 704 2167 Si
726 2118 829 2180 tetigero
851 2125 946 2166 tanturn

10 2188 12 2231 i
61 2183 123 2231 sicut
141 2183 169 2230 in
190 2182 270 2238 vobis,
289 2197 320 2230 ex
337 2198 367 2230 ea
382 2182 424 2230 die
440 2197 490 2245 qua
519 2185 692 2234 vestimentum
720 2181 780 2245 ejus,
804 2182 873 2229 salva
894 2197 943 2231 ero.

61 2247 165 2295 audistis
182 2253 208 2295 et
224 2247 373 2310 cognovistis
383 2246 489 2308 gratiam
520 2251 557 2298 At
571 2250 642 2313 Jesus
659 2262 798 2305 conversus,
817 2255 842 2294 et
860 2245 947 2295 videns

62 2311 111 2360 Dei
121 2311 149 2359 in
165 2310 276 2370 veritate,
295 2311 358 2360 sicut
368 2310 489 2360 didicistis
520 2329 583 2372 eam,
602 2313 678 2361 dixit:
700 2311 805 2360 Confide
816 2310 874 2368 filia,
886 2310 947 2360 fides

62 2376 94 2424 ab
118 2374 240 2440 Epaphra
263 2374 406 2424 charissimo
431 2390 488 2423 con·
520 2386 600 2426 tuate
615 2378 709 2425 salvam
726 2375 790 2423 lecit.
828 2376 862 2423 Et
878 2375 946 2423 salva

10 2458 16 2472 ·
61 2455 131 2489 servo
159 2446 252 2498 nostro,
282 2440 325 2503 qui
349 2446 386 2488 est
409 2439 489 2488 fidelis
520 2443 585 2490 lacta
593 2450 629 2490 est
638 2440 726 2489 mulier
735 2455 764 2489 ex
773 2439 891 2488 illahora
912 2440 946 2488 Et

61 2519 106 2568 pro
116 2503 190 2553 vobis
199 2504 309 2552 minister
317 2503 409 2553 Christi
417 2505 486 2569 Jesu‚
520 2522 576 2555 cum
592 2505 699 2554 venisset
713 2504 786 2568 Jesus
802 2505 828 2552 in
844 2504 946 2551 domum

62 2569 103 2632 qui
127 2568 206 2617 etiam
229 2568 394 2617 manifestavit
416 2568 489 2616 nobis
520 2570 645 2634 principis,
667 2578 692 2617 et
710 2569 812 2617 vidisset
834 2568 952 2616 tibicines¹

62 2633 221 2682 dilectionem
237 2640 343 2681 vestram
354 2633 380 2680 in
391 2632 485 2696 spiritu.
521 2643 545 2684 et
556 2636 653 2683 turbam
670 2633 866 2690 tumultuantem,
881 2631 945 2680 dice·

62 2697 123 2747 Ideo
134 2704 160 2746 et
176 2712 223 2746 nos
240 2712 270 2745 ex
281 2712 330 2761 qua
342 2697 383 2747 die
395 2695 488 2745 andivi·
519 2700 581 2748 bat:
604 2698 737 2746 Recedite:
760 2712 810 2745 non
827 2703 863 2744 est
880 2696 946 2743 enirn

62 2777 122 2822 mus,
141 2777 195 2810 non
211 2777 333 2810 cessamus
350 2776 396 2825 pro
417 2760 489 2809 vobis
520 2770 617 2812 mortua
627 2763 721 2826 puella,
735 2762 778 2810 sed
787 2760 884 2808 dormit.
913 2760 946 2808 Et

62 2834 166 2886 orantes,
187 2833 213 2874 et
232 2826 383 2889 postulantes
399 2832 427 2873 ut
442 2825 488 2872 im·
520 2828 664 2876 deridebant
673 2841 736 2874 eum.
765 2826 797 2873 Et
806 2840 861 2872 cum
869 2823 947 2886 ejecta

63 2890 180 2953 pleamini
207 2889 333 2952 agnitione
355 2889 489 2938 voluntatis
521 2899 583 2941 esset
599 2891 678 2948 turba,
693 2890 806 2938 intravit:
827 2896 851 2936 et
868 2890 946 2937 tenuit

63 2955 119 3017 ejus,
140 2955 167 3004 in
187 2954 257 3003 omni
274 2954 395 3018 sapientia
411 2959 436 3001 et
452 2954 488 3002 in·
519 2972 620 3004 manum
637 2955 695 3017 ejus
734 2955 766 3002 Et
783 2954 885 3001 surrexit
901 2969 946 3016 pu·

15 3016 21 3041 ³
63 3020 160 3068 tellectu
176 3018 299 3083 spiritali:
314 3027 342 3067 ut
358 3018 489 3067 ambuletis
514 3021 575 3070 -ella
622 3020 656 3068 Et
679 3019 737 3066 exiit
759 3019 824 3065 fama
845 3018 898 3066 haec
921 3019 946 3066 in

63 3084 135 3148 digne
142 3085 200 3132 Deo
207 3099 252 3148 per
258 3082 342 3131 omnia
350 3083 489 3147 placentes:
520 3085 658 3133 universam
670 3090 759 3131 terram
770 3083 857 3132 illam.-

125 3159 171 3204 117
