<?xml version="1.0" encoding="UTF-8"?>
<!DOCTYPE html PUBLIC "-//W3C//DTD XHTML 1.0 Transitional//EN"
    "http://www.w3.org/TR/xhtml1/DTD/xhtml1-transitional.dtd">
<html xmlns="http://www.w3.org/1999/xhtml" xml:lang="en" lang="en">
 <head>
  <title>
</title>
<meta http-equiv="Content-Type" content="text/html;charset=utf-8" />
  <meta name='ocr-system' content='tesseract 3.04.00' />
  <meta name='ocr-capabilities' content='ocr_page ocr_carea ocr_par ocr_line ocrx_word'/>
</head>
<body>
  <div class='ocr_page' id='page_1' title='image "./liberprecumpubl00briggoog_0312.png"; bbox 0 0 2092 3450; ppageno 0'>
   <div class='ocr_carea' id='block_1_1' title="bbox 80 153 954 230">
    <p class='ocr_par' dir='ltr' id='par_1_1' title="bbox 80 153 954 230">
     <span class='ocr_line' id='line_1_1' title="bbox 80 153 954 230; baseline 0.018 -30"><span class='ocrx_word' id='word_1_1' title='bbox 80 153 140 202; x_wconf 77' lang='lat' dir='ltr'><strong>Dies</strong></span> <span class='ocrx_word' id='word_1_2' title='bbox 151 155 200 204; x_wconf 75' lang='lat' dir='ltr'><strong>Xl.</strong></span> <span class='ocrx_word' id='word_1_3' title='bbox 463 155 571 223; x_wconf 53' lang='lat' dir='ltr'><strong>bacini.</strong></span> <span class='ocrx_word' id='word_1_4' title='bbox 832 167 878 214; x_wconf 78' lang='lat' dir='ltr'><strong>Ad</strong></span> <span class='ocrx_word' id='word_1_5' title='bbox 891 168 954 230; x_wconf 78' lang='lat' dir='ltr'><strong>Vesp.</strong></span> 
     </span>
    </p>
   </div>
   <div class='ocr_carea' id='block_1_2' title="bbox 73 293 959 1716">
    <p class='ocr_par' dir='ltr' id='par_1_2' title="bbox 73 293 959 1716">
     <span class='ocr_line' id='line_1_2' title="bbox 73 293 958 362; baseline 0.006 -18"><span class='ocrx_word' id='word_1_6' title='bbox 73 293 314 359; x_wconf 67' lang='lat' dir='ltr'><strong>comprehendantur</strong></span> <span class='ocrx_word' id='word_1_7' title='bbox 327 295 363 346; x_wconf 81' lang='lat' dir='ltr'><strong>in</strong></span> <span class='ocrx_word' id='word_1_8' title='bbox 385 296 500 362; x_wconf 89' lang='lat' dir='ltr'><strong>superbia</strong></span> <span class='ocrx_word' id='word_1_9' title='bbox 532 311 618 346; x_wconf 50' lang='lat' dir='ltr'><strong>mame¹</strong></span> <span class='ocrx_word' id='word_1_10' title='bbox 630 303 655 346; x_wconf 90' lang='lat' dir='ltr'><strong>et</strong></span> <span class='ocrx_word' id='word_1_11' title='bbox 665 296 805 347; x_wconf 86' lang='lat' dir='ltr'><strong>convallem</strong></span> <span class='ocrx_word' id='word_1_12' title='bbox 814 300 958 349; x_wconf 88' lang='lat' dir='ltr'><strong>tabernacu-</strong></span> 
     </span>
     <span class='ocr_line' id='line_1_3' title="bbox 73 361 790 411; baseline 0.004 -3"><span class='ocrx_word' id='word_1_13' title='bbox 73 375 125 408; x_wconf 82' lang='lat' dir='ltr'><strong>sna</strong></span> <span class='ocrx_word' id='word_1_14' title='bbox 531 361 612 410; x_wconf 90' lang='lat' dir='ltr'><strong>lorum</strong></span> <span class='ocrx_word' id='word_1_15' title='bbox 623 362 735 411; x_wconf 87' lang='lat' dir='ltr'><strong>metibor.</strong></span> <span class='ocrx_word' id='word_1_16' title='bbox 788 399 790 403; x_wconf 18' lang='grc' dir='ltr'><em>Α</em></span> 
     </span>
     <span class='ocr_line' id='line_1_4' title="bbox 107 423 959 486; baseline 0.005 -14"><span class='ocrx_word' id='word_1_17' title='bbox 107 424 141 472; x_wconf 85' lang='lat' dir='ltr'><strong>Et</strong></span> <span class='ocrx_word' id='word_1_18' title='bbox 151 423 183 474; x_wconf 90' lang='lat' dir='ltr'><strong>de</strong></span> <span class='ocrx_word' id='word_1_19' title='bbox 193 424 359 475; x_wconf 83' lang='lat' dir='ltr'><strong>exsecratione</strong></span> <span class='ocrx_word' id='word_1_20' title='bbox 369 427 501 476; x_wconf 90' lang='lat' dir='ltr'><strong>etmenda·</strong></span> <span class='ocrx_word' id='word_1_21' title='bbox 565 426 638 475; x_wconf 90' lang='lat' dir='ltr'><strong>Meus</strong></span> <span class='ocrx_word' id='word_1_22' title='bbox 659 433 697 476; x_wconf 85' lang='lat' dir='ltr'><strong>est</strong></span> <span class='ocrx_word' id='word_1_23' title='bbox 718 425 823 486; x_wconf 86' lang='lat' dir='ltr'><strong>Galaad,</strong></span> <span class='ocrx_word' id='word_1_24' title='bbox 844 434 869 477; x_wconf 88' lang='lat' dir='ltr'><strong>et</strong></span> <span class='ocrx_word' id='word_1_25' title='bbox 889 442 959 477; x_wconf 87' lang='lat' dir='ltr'><strong>meus</strong></span> 
     </span>
     <span class='ocr_line' id='line_1_5' title="bbox 74 488 959 556; baseline 0.006 -20"><span class='ocrx_word' id='word_1_26' title='bbox 74 488 130 537; x_wconf 89' lang='lat' dir='ltr'><strong>cio:</strong></span> <span class='ocrx_word' id='word_1_27' title='bbox 157 490 368 539; x_wconf 86' lang='lat' dir='ltr'><strong>annuntiabuntur</strong></span> <span class='ocrx_word' id='word_1_28' title='bbox 394 491 420 540; x_wconf 88' lang='lat' dir='ltr'><strong>in</strong></span> <span class='ocrx_word' id='word_1_29' title='bbox 442 508 500 541; x_wconf 92' lang='lat' dir='ltr'><strong>con·</strong></span> <span class='ocrx_word' id='word_1_30' title='bbox 532 491 959 556; x_wconf 80' lang='lat' dir='ltr'><strong>cstManassesretEphraimsorti·</strong></span> 
     </span>
     <span class='ocr_line' id='line_1_6' title="bbox 74 553 758 619; baseline 0.006 -19"><span class='ocrx_word' id='word_1_31' title='bbox 74 553 257 603; x_wconf 86' lang='lat' dir='ltr'><strong>summatione:</strong></span> <span class='ocrx_word' id='word_1_32' title='bbox 532 555 594 604; x_wconf 91' lang='lat' dir='ltr'><strong>tudo</strong></span> <span class='ocrx_word' id='word_1_33' title='bbox 605 556 693 619; x_wconf 88' lang='lat' dir='ltr'><strong>capitis</strong></span> <span class='ocrx_word' id='word_1_34' title='bbox 701 555 758 604; x_wconf 90' lang='lat' dir='ltr'><strong>mei.</strong></span> 
     </span>
     <span class='ocr_line' id='line_1_7' title="bbox 106 617 959 683; baseline 0.005 -18"><span class='ocrx_word' id='word_1_35' title='bbox 106 617 138 666; x_wconf 91' lang='lat' dir='ltr'><strong>In</strong></span> <span class='ocrx_word' id='word_1_36' title='bbox 164 617 212 666; x_wconf 64' lang='lat' dir='ltr'><strong>ira‘</strong></span> <span class='ocrx_word' id='word_1_37' title='bbox 225 619 450 680; x_wconf 86' lang='lat' dir='ltr'><strong>consummationis,</strong></span> <span class='ocrx_word' id='word_1_38' title='bbox 476 627 501 670; x_wconf 91' lang='lat' dir='ltr'><strong>et</strong></span> <span class='ocrx_word' id='word_1_39' title='bbox 562 620 629 683; x_wconf 89' lang='lat' dir='ltr'><strong>Juda</strong></span> <span class='ocrx_word' id='word_1_40' title='bbox 648 635 692 669; x_wconf 92' lang='lat' dir='ltr'><strong>rex</strong></span> <span class='ocrx_word' id='word_1_41' title='bbox 707 635 792 669; x_wconf 83' lang='lat' dir='ltr'><strong>meus:</strong></span> <span class='ocrx_word' id='word_1_42' title='bbox 814 620 893 670; x_wconf 87' lang='lat' dir='ltr'><strong>Moab</strong></span> <span class='ocrx_word' id='word_1_43' title='bbox 909 620 959 669; x_wconf 84' lang='lat' dir='ltr'><strong>olla</strong></span> 
     </span>
     <span class='ocr_line' id='line_1_8' title="bbox 74 683 665 748; baseline 0.005 -19"><span class='ocrx_word' id='word_1_44' title='bbox 74 696 125 730; x_wconf 88' lang='lat' dir='ltr'><strong>non</strong></span> <span class='ocrx_word' id='word_1_45' title='bbox 136 688 222 732; x_wconf 84' lang='lat' dir='ltr'><strong>erunt:</strong></span> <span class='ocrx_word' id='word_1_46' title='bbox 239 691 263 732; x_wconf 94' lang='lat' dir='ltr'><strong>et</strong></span> <span class='ocrx_word' id='word_1_47' title='bbox 274 683 351 732; x_wconf 91' lang='lat' dir='ltr'><strong>scient</strong></span> <span class='ocrx_word' id='word_1_48' title='bbox 362 684 420 748; x_wconf 88' lang='lat' dir='ltr'><strong>quia</strong></span> <span class='ocrx_word' id='word_1_49' title='bbox 433 685 500 734; x_wconf 88' lang='lat' dir='ltr'><strong>Deus</strong></span> <span class='ocrx_word' id='word_1_50' title='bbox 532 684 585 748; x_wconf 89' lang='lat' dir='ltr'><strong>spei</strong></span> <span class='ocrx_word' id='word_1_51' title='bbox 596 699 665 733; x_wconf 86' lang='lat' dir='ltr'><strong>meae.</strong></span> 
     </span>
     <span class='ocr_line' id='line_1_9' title="bbox 74 745 958 811; baseline 0.006 -18"><span class='ocrx_word' id='word_1_52' title='bbox 74 745 242 795; x_wconf 83' lang='lat' dir='ltr'><strong>dominabitur</strong></span> <span class='ocrx_word' id='word_1_53' title='bbox 261 748 348 811; x_wconf 85' lang='lat' dir='ltr'><strong>Jacob,</strong></span> <span class='ocrx_word' id='word_1_54' title='bbox 368 757 393 798; x_wconf 91' lang='lat' dir='ltr'><strong>et</strong></span> <span class='ocrx_word' id='word_1_55' title='bbox 414 749 501 799; x_wconf 86' lang='lat' dir='ltr'><strong>finium</strong></span> <span class='ocrx_word' id='word_1_56' title='bbox 565 749 596 796; x_wconf 91' lang='lat' dir='ltr'><strong>In</strong></span> <span class='ocrx_word' id='word_1_57' title='bbox 613 748 750 798; x_wconf 79' lang='lat' dir='ltr'><strong>Idumaeam</strong></span> <span class='ocrx_word' id='word_1_58' title='bbox 766 750 896 798; x_wconf 86' lang='lat' dir='ltr'><strong>extendam</strong></span> <span class='ocrx_word' id='word_1_59' title='bbox 910 749 958 798; x_wconf 90' lang='lat' dir='ltr'><strong>cal·</strong></span> 
     </span>
     <span class='ocr_line' id='line_1_10' title="bbox 74 814 958 877; baseline 0.006 -19"><span class='ocrx_word' id='word_1_60' title='bbox 74 817 151 859; x_wconf 84' lang='lat' dir='ltr'><strong>terrae.</strong></span> <span class='ocrx_word' id='word_1_61' title='bbox 301 873 305 877; x_wconf 15' lang='grc' dir='ltr'><em>η</em></span> <span class='ocrx_word' id='word_1_62' title='bbox 533 821 686 861; x_wconf 90' lang='lat' dir='ltr'><strong>ceamentum</strong></span> <span class='ocrx_word' id='word_1_63' title='bbox 697 828 780 862; x_wconf 88' lang='lat' dir='ltr'><strong>meum</strong></span> <span class='ocrx_word' id='word_1_64' title='bbox 789 814 863 863; x_wconf 87' lang='lat' dir='ltr'><strong>:mihi</strong></span> <span class='ocrx_word' id='word_1_65' title='bbox 874 814 958 862; x_wconf 87' lang='lat' dir='ltr'><strong>alieni·</strong></span> 
     </span>
     <span class='ocr_line' id='line_1_11' title="bbox 107 873 778 942; baseline 0.004 -18"><span class='ocrx_word' id='word_1_66' title='bbox 107 873 288 925; x_wconf 82' lang='lat' dir='ltr'><strong>Convertentur</strong></span> <span class='ocrx_word' id='word_1_67' title='bbox 309 877 341 925; x_wconf 93' lang='lat' dir='ltr'><strong>ad</strong></span> <span class='ocrx_word' id='word_1_68' title='bbox 362 893 497 942; x_wconf 83' lang='lat' dir='ltr'><strong>vesperam,</strong></span> <span class='ocrx_word' id='word_1_69' title='bbox 531 892 602 940; x_wconf 85' lang='lat' dir='ltr'><strong>genae</strong></span> <span class='ocrx_word' id='word_1_70' title='bbox 612 877 704 926; x_wconf 88' lang='lat' dir='ltr'><strong>subditi</strong></span> <span class='ocrx_word' id='word_1_71' title='bbox 715 885 778 927; x_wconf 89' lang='lat' dir='ltr'><strong>sunt.</strong></span> 
     </span>
     <span class='ocr_line' id='line_1_12' title="bbox 74 937 959 1005; baseline 0.002 -17"><span class='ocrx_word' id='word_1_72' title='bbox 74 944 100 988; x_wconf 88' lang='lat' dir='ltr'><strong>et</strong></span> <span class='ocrx_word' id='word_1_73' title='bbox 120 937 213 988; x_wconf 80' lang='lat' dir='ltr'><strong>samem</strong></span> <span class='ocrx_word' id='word_1_74' title='bbox 231 941 355 1005; x_wconf 88' lang='lat' dir='ltr'><strong>patientur</strong></span> <span class='ocrx_word' id='word_1_75' title='bbox 370 951 398 992; x_wconf 91' lang='lat' dir='ltr'><strong>ut</strong></span> <span class='ocrx_word' id='word_1_76' title='bbox 414 959 500 993; x_wconf 85' lang='lat' dir='ltr'><strong>canes:</strong></span> <span class='ocrx_word' id='word_1_77' title='bbox 566 941 629 1004; x_wconf 89' lang='lat' dir='ltr'><strong>Quis</strong></span> <span class='ocrx_word' id='word_1_78' title='bbox 639 942 744 991; x_wconf 89' lang='lat' dir='ltr'><strong>deducet</strong></span> <span class='ocrx_word' id='word_1_79' title='bbox 754 941 959 992; x_wconf 82' lang='lat' dir='ltr'><strong>meincivitatem</strong></span> 
     </span>
     <span class='ocr_line' id='line_1_13' title="bbox 74 1003 959 1070; baseline 0.005 -18"><span class='ocrx_word' id='word_1_80' title='bbox 74 1003 247 1054; x_wconf 86' lang='lat' dir='ltr'><strong>etcircuibunt</strong></span> <span class='ocrx_word' id='word_1_81' title='bbox 257 1006 388 1056; x_wconf 86' lang='lat' dir='ltr'><strong>civitatem.</strong></span> <span class='ocrx_word' id='word_1_82' title='bbox 532 1007 654 1055; x_wconf 89' lang='lat' dir='ltr'><strong>munitam</strong></span> <span class='ocrx_word' id='word_1_83' title='bbox 672 1021 690 1064; x_wconf 11' lang='lat' dir='ltr'><strong>:y</strong></span> <span class='ocrx_word' id='word_1_84' title='bbox 708 1006 763 1070; x_wconf 93' lang='lat' dir='ltr'><strong>quis</strong></span> <span class='ocrx_word' id='word_1_85' title='bbox 784 1007 890 1057; x_wconf 89' lang='lat' dir='ltr'><strong>deducet</strong></span> <span class='ocrx_word' id='word_1_86' title='bbox 918 1023 959 1056; x_wconf 91' lang='lat' dir='ltr'><strong>me</strong></span> 
     </span>
     <span class='ocr_line' id='line_1_14' title="bbox 83 1066 814 1132; baseline 0.007 -17"><span class='ocrx_word' id='word_1_87' title='bbox 83 1080 94 1090; x_wconf 50' lang='lat'><strong>*¹</strong></span> <span class='ocrx_word' id='word_1_88' title='bbox 108 1067 162 1131; x_wconf 87' lang='lat' dir='ltr'><strong>Ipsi</strong></span> <span class='ocrx_word' id='word_1_89' title='bbox 172 1067 500 1132; x_wconf 87' lang='lat' dir='ltr'><strong>dispergenturadmandu·</strong></span> <span class='ocrx_word' id='word_1_90' title='bbox 579 1086 610 1118; x_wconf 92' lang='lat' dir='ltr'><strong>ue</strong></span> <span class='ocrx_word' id='word_1_91' title='bbox 620 1071 647 1119; x_wconf 90' lang='lat' dir='ltr'><strong>in</strong></span> <span class='ocrx_word' id='word_1_92' title='bbox 659 1066 814 1120; x_wconf 80' lang='lat' dir='ltr'><strong>Idumaeam?</strong></span> 
     </span>
     <span class='ocr_line' id='line_1_15' title="bbox 74 1132 958 1200; baseline 0.005 -20"><span class='ocrx_word' id='word_1_93' title='bbox 74 1132 198 1181; x_wconf 87' lang='lat' dir='ltr'><strong>candum:</strong></span> <span class='ocrx_word' id='word_1_94' title='bbox 214 1133 236 1182; x_wconf 91' lang='lat' dir='ltr'><strong>si</strong></span> <span class='ocrx_word' id='word_1_95' title='bbox 253 1150 311 1184; x_wconf 91' lang='lat' dir='ltr'><strong>vero</strong></span> <span class='ocrx_word' id='word_1_96' title='bbox 327 1135 417 1186; x_wconf 84' lang='lat' dir='ltr'><strong>fuerint</strong></span> <span class='ocrx_word' id='word_1_97' title='bbox 435 1145 499 1186; x_wconf 88' lang='lat' dir='ltr'><strong>satu·</strong></span> <span class='ocrx_word' id='word_1_98' title='bbox 537 1145 541 1152; x_wconf 83' lang='lat'><em>·</em></span> <span class='ocrx_word' id='word_1_99' title='bbox 592 1150 657 1184; x_wconf 90' lang='lat' dir='ltr'><strong>onue</strong></span> <span class='ocrx_word' id='word_1_100' title='bbox 676 1142 711 1194; x_wconf 89' lang='lat' dir='ltr'><strong>tu,</strong></span> <span class='ocrx_word' id='word_1_101' title='bbox 731 1135 808 1195; x_wconf 86' lang='lat' dir='ltr'><strong>Deus,</strong></span> <span class='ocrx_word' id='word_1_102' title='bbox 828 1136 870 1200; x_wconf 91' lang='lat' dir='ltr'><strong>qui</strong></span> <span class='ocrx_word' id='word_1_103' title='bbox 887 1150 958 1200; x_wconf 90' lang='lat' dir='ltr'><strong>repu-</strong></span> 
     </span>
     <span class='ocr_line' id='line_1_16' title="bbox 73 1196 955 1263; baseline 0.005 -19"><span class='ocrx_word' id='word_1_104' title='bbox 73 1196 131 1254; x_wconf 90' lang='lat' dir='ltr'><strong>rati,</strong></span> <span class='ocrx_word' id='word_1_105' title='bbox 143 1200 373 1249; x_wconf 87' lang='lat' dir='ltr'><strong>etmurmurabunt.</strong></span> <span class='ocrx_word' id='word_1_106' title='bbox 533 1198 584 1248; x_wconf 89' lang='lat' dir='ltr'><strong>listi</strong></span> <span class='ocrx_word' id='word_1_107' title='bbox 605 1213 666 1248; x_wconf 81' lang='lat' dir='ltr'><strong>nos:</strong></span> <span class='ocrx_word' id='word_1_108' title='bbox 693 1206 718 1248; x_wconf 91' lang='lat' dir='ltr'><strong>et</strong></span> <span class='ocrx_word' id='word_1_109' title='bbox 744 1215 795 1248; x_wconf 91' lang='lat' dir='ltr'><strong>non</strong></span> <span class='ocrx_word' id='word_1_110' title='bbox 817 1199 955 1263; x_wconf 85' lang='lat' dir='ltr'><strong>egredieris,</strong></span> 
     </span>
     <span class='ocr_line' id='line_1_17' title="bbox 109 1260 949 1324; baseline 0.004 -14"><span class='ocrx_word' id='word_1_111' title='bbox 109 1260 165 1324; x_wconf 83' lang='lat' dir='ltr'><strong>Ego</strong></span> <span class='ocrx_word' id='word_1_112' title='bbox 187 1270 270 1312; x_wconf 88' lang='lat' dir='ltr'><strong>autem</strong></span> <span class='ocrx_word' id='word_1_113' title='bbox 300 1264 405 1314; x_wconf 85' lang='lat' dir='ltr'><strong>cantabo</strong></span> <span class='ocrx_word' id='word_1_114' title='bbox 432 1265 500 1315; x_wconf 85' lang='lat' dir='ltr'><strong>sorti-</strong></span> <span class='ocrx_word' id='word_1_115' title='bbox 534 1263 610 1322; x_wconf 89' lang='lat' dir='ltr'><strong>Deus,</strong></span> <span class='ocrx_word' id='word_1_116' title='bbox 624 1263 791 1313; x_wconf 87' lang='lat' dir='ltr'><strong>invirtutibus</strong></span> <span class='ocrx_word' id='word_1_117' title='bbox 803 1264 911 1313; x_wconf 84' lang='lat' dir='ltr'><strong>nostris?</strong></span> <span class='ocrx_word' id='word_1_118' title='bbox 947 1302 949 1305; x_wconf 27' lang='lat' dir='ltr'>v</span> 
     </span>
     <span class='ocr_line' id='line_1_18' title="bbox 74 1325 958 1379; baseline 0.005 -6"><span class='ocrx_word' id='word_1_119' title='bbox 74 1325 187 1374; x_wconf 89' lang='lat' dir='ltr'><strong>tudinem</strong></span> <span class='ocrx_word' id='word_1_120' title='bbox 210 1332 293 1376; x_wconf 75' lang='lat' dir='ltr'><strong>tuamr</strong></span> <span class='ocrx_word' id='word_1_121' title='bbox 320 1336 345 1379; x_wconf 91' lang='lat' dir='ltr'><strong>et</strong></span> <span class='ocrx_word' id='word_1_122' title='bbox 372 1330 501 1379; x_wconf 84' lang='lat' dir='ltr'><strong>exsultabo</strong></span> <span class='ocrx_word' id='word_1_123' title='bbox 552 1328 608 1376; x_wconf 68' lang='lat' dir='ltr'><strong>‘Da</strong></span> <span class='ocrx_word' id='word_1_124' title='bbox 623 1327 696 1376; x_wconf 90' lang='lat' dir='ltr'><strong>nobis</strong></span> <span class='ocrx_word' id='word_1_125' title='bbox 711 1328 958 1377; x_wconf 88' lang='lat' dir='ltr'><strong>auxiliumdetribu·</strong></span> 
     </span>
     <span class='ocr_line' id='line_1_19' title="bbox 74 1389 959 1457; baseline 0.005 -19"><span class='ocrx_word' id='word_1_126' title='bbox 74 1405 150 1438; x_wconf 87' lang='lat' dir='ltr'><strong>mane</strong></span> <span class='ocrx_word' id='word_1_127' title='bbox 159 1389 351 1441; x_wconf 87' lang='lat' dir='ltr'><strong>misericordiam</strong></span> <span class='ocrx_word' id='word_1_128' title='bbox 362 1399 437 1443; x_wconf 88' lang='lat' dir='ltr'><strong>tuam.</strong></span> <span class='ocrx_word' id='word_1_129' title='bbox 532 1391 638 1442; x_wconf 91' lang='lat' dir='ltr'><strong>latione:</strong></span> <span class='ocrx_word' id='word_1_130' title='bbox 656 1392 714 1457; x_wconf 89' lang='lat' dir='ltr'><strong>quia</strong></span> <span class='ocrx_word' id='word_1_131' title='bbox 724 1408 788 1440; x_wconf 89' lang='lat' dir='ltr'><strong>vana</strong></span> <span class='ocrx_word' id='word_1_132' title='bbox 803 1392 869 1442; x_wconf 86' lang='lat' dir='ltr'><strong>salus</strong></span> <span class='ocrx_word' id='word_1_133' title='bbox 880 1392 959 1442; x_wconf 92' lang='lat' dir='ltr'><strong>homi·</strong></span> 
     </span>
     <span class='ocr_line' id='line_1_20' title="bbox 108 1453 578 1523; baseline 0.002 -19"><span class='ocrx_word' id='word_1_134' title='bbox 108 1453 177 1516; x_wconf 90' lang='lat' dir='ltr'><strong>Quia</strong></span> <span class='ocrx_word' id='word_1_135' title='bbox 207 1455 286 1505; x_wconf 83' lang='lat' dir='ltr'><strong>factus</strong></span> <span class='ocrx_word' id='word_1_136' title='bbox 317 1473 344 1507; x_wconf 93' lang='lat' dir='ltr'><strong>es</strong></span> <span class='ocrx_word' id='word_1_137' title='bbox 375 1467 502 1523; x_wconf 91' lang='lat' dir='ltr'><strong>susceptor</strong></span> <span class='ocrx_word' id='word_1_138' title='bbox 533 1456 578 1505; x_wconf 91' lang='lat' dir='ltr'><strong>nis.</strong></span> 
     </span>
     <span class='ocr_line' id='line_1_21' title="bbox 74 1520 959 1584; baseline 0.003 -17"><span class='ocrx_word' id='word_1_139' title='bbox 74 1533 161 1568; x_wconf 73' lang='lat' dir='ltr'><strong>meust</strong></span> <span class='ocrx_word' id='word_1_140' title='bbox 184 1524 210 1568; x_wconf 90' lang='lat' dir='ltr'><strong>et</strong></span> <span class='ocrx_word' id='word_1_141' title='bbox 230 1520 352 1584; x_wconf 84' lang='lat' dir='ltr'><strong>refugium</strong></span> <span class='ocrx_word' id='word_1_142' title='bbox 372 1538 457 1573; x_wconf 89' lang='lat' dir='ltr'><strong>meum</strong></span> <span class='ocrx_word' id='word_1_143' title='bbox 475 1524 502 1573; x_wconf 91' lang='lat' dir='ltr'><strong>in</strong></span> <span class='ocrx_word' id='word_1_144' title='bbox 565 1521 597 1569; x_wconf 90' lang='lat' dir='ltr'><strong>In</strong></span> <span class='ocrx_word' id='word_1_145' title='bbox 618 1521 675 1571; x_wconf 92' lang='lat' dir='ltr'><strong>Deo</strong></span> <span class='ocrx_word' id='word_1_146' title='bbox 695 1521 813 1571; x_wconf 83' lang='lat' dir='ltr'><strong>faciemus</strong></span> <span class='ocrx_word' id='word_1_147' title='bbox 828 1521 959 1571; x_wconf 88' lang='lat' dir='ltr'><strong>virtutem:</strong></span> 
     </span>
     <span class='ocr_line' id='line_1_22' title="bbox 74 1582 959 1636; baseline 0.005 -5"><span class='ocrx_word' id='word_1_148' title='bbox 74 1582 118 1631; x_wconf 92' lang='lat' dir='ltr'><strong>die</strong></span> <span class='ocrx_word' id='word_1_149' title='bbox 129 1583 294 1634; x_wconf 88' lang='lat' dir='ltr'><strong>tribulationis</strong></span> <span class='ocrx_word' id='word_1_150' title='bbox 304 1602 374 1636; x_wconf 87' lang='lat' dir='ltr'><strong>meae.</strong></span> <span class='ocrx_word' id='word_1_151' title='bbox 533 1592 558 1634; x_wconf 93' lang='lat' dir='ltr'><strong>et</strong></span> <span class='ocrx_word' id='word_1_152' title='bbox 584 1586 593 1634; x_wconf 91' lang='lat' dir='ltr'><strong>i</strong></span> <span class='ocrx_word' id='word_1_153' title='bbox 624 1601 638 1634; x_wconf 95' lang='lat' dir='ltr'><strong>e</strong></span> <span class='ocrx_word' id='word_1_154' title='bbox 664 1587 697 1635; x_wconf 87' lang='lat' dir='ltr'><strong>ad</strong></span> <span class='ocrx_word' id='word_1_155' title='bbox 722 1586 829 1635; x_wconf 92' lang='lat' dir='ltr'><strong>nihilum</strong></span> <span class='ocrx_word' id='word_1_156' title='bbox 855 1587 959 1636; x_wconf 90' lang='lat' dir='ltr'><strong>deducet</strong></span> 
     </span>
     <span class='ocr_line' id='line_1_23' title="bbox 109 1646 740 1716; baseline 0.006 -20"><span class='ocrx_word' id='word_1_157' title='bbox 109 1646 218 1710; x_wconf 83' lang='lat' dir='ltr'><strong>Adjutor</strong></span> <span class='ocrx_word' id='word_1_158' title='bbox 230 1665 307 1710; x_wconf 88' lang='lat' dir='ltr'><strong>meus,</strong></span> <span class='ocrx_word' id='word_1_159' title='bbox 321 1651 367 1700; x_wconf 92' lang='lat' dir='ltr'><strong>tibi</strong></span> <span class='ocrx_word' id='word_1_160' title='bbox 382 1652 502 1716; x_wconf 88' lang='lat' dir='ltr'><strong>psallam:</strong></span> <span class='ocrx_word' id='word_1_161' title='bbox 533 1649 582 1699; x_wconf 89' lang='lat' dir='ltr'><strong>trib</strong></span> <span class='ocrx_word' id='word_1_162' title='bbox 608 1656 740 1700; x_wconf 86' lang='lat' dir='ltr'><strong>antesnos.</strong></span> 
     </span>
    </p>
   </div>
   <div class='ocr_carea' id='block_1_3' title="bbox 73 1712 847 1850">
    <p class='ocr_par' dir='ltr' id='par_1_3' title="bbox 73 1712 847 1850">
     <span class='ocr_line' id='line_1_24' title="bbox 73 1712 504 1825; baseline 0.019 -66"><span class='ocrx_word' id='word_1_163' title='bbox 73 1712 136 1825; x_wconf 44' lang='lat' dir='ltr'><strong>puin</strong></span> <span class='ocrx_word' id='word_1_164' title='bbox 151 1712 221 1762; x_wconf 90' lang='lat' dir='ltr'><strong>Deus</strong></span> <span class='ocrx_word' id='word_1_165' title='bbox 236 1722 363 1779; x_wconf 89' lang='lat' dir='ltr'><strong>susceptor</strong></span> <span class='ocrx_word' id='word_1_166' title='bbox 378 1733 447 1766; x_wconf 91' lang='lat' dir='ltr'><strong>meus</strong></span> <span class='ocrx_word' id='word_1_167' title='bbox 463 1733 504 1778; x_wconf 85' lang='lat' dir='ltr'><strong>es3</strong></span> 
     </span>
     <span class='ocr_line' id='line_1_25' title="bbox 103 1778 847 1850; baseline 0.019 -26"><span class='ocrx_word' id='word_1_168' title='bbox 103 1792 147 1842; x_wconf 76' lang='lat' dir='ltr'><strong>eus</strong></span> <span class='ocrx_word' id='word_1_169' title='bbox 157 1791 235 1838; x_wconf 88' lang='lat' dir='ltr'><strong>meus,</strong></span> <span class='ocrx_word' id='word_1_170' title='bbox 248 1778 416 1830; x_wconf 89' lang='lat' dir='ltr'><strong>misericordia</strong></span> <span class='ocrx_word' id='word_1_171' title='bbox 426 1797 488 1831; x_wconf 81' lang='lat' dir='ltr'><strong>mea</strong></span> <span class='ocrx_word' id='word_1_172' title='bbox 632 1800 761 1850; x_wconf 66' lang='lat' dir='ltr'><strong>asianus</strong></span> <span class='ocrx_word' id='word_1_173' title='bbox 778 1800 847 1850; x_wconf 66' lang='lat' dir='ltr'><strong>LXI,</strong></span> 
     </span>
    </p>
   </div>
   <div class='ocr_carea' id='block_1_4' title="bbox 74 1901 981 3193">
    <p class='ocr_par' dir='ltr' id='par_1_4' title="bbox 74 1901 981 3193">
     <span class='ocr_line' id='line_1_26' title="bbox 186 1901 959 1981; baseline -0.001 -30"><span class='ocrx_word' id='word_1_174' title='bbox 186 1927 315 1979; x_wconf 59' lang='lat' dir='ltr'>PSALMUS</span> <span class='ocrx_word' id='word_1_175' title='bbox 333 1930 386 1981; x_wconf 58' lang='lat' dir='ltr'><strong>LK</strong></span> <span class='ocrx_word' id='word_1_176' title='bbox 602 1901 731 1962; x_wconf 88' lang='lat' dir='ltr'>XAUDI‚</span> <span class='ocrx_word' id='word_1_177' title='bbox 750 1901 827 1960; x_wconf 86' lang='lat' dir='ltr'><strong>Deus,</strong></span> <span class='ocrx_word' id='word_1_178' title='bbox 844 1902 959 1966; x_wconf 85' lang='lat' dir='ltr'><strong>depreca-</strong></span> 
     </span>
     <span class='ocr_line' id='line_1_27' title="bbox 634 1966 960 2017; baseline 0.009 -3"><span class='ocrx_word' id='word_1_179' title='bbox 634 1966 727 2015; x_wconf 89' lang='lat' dir='ltr'><strong>tionem</strong></span> <span class='ocrx_word' id='word_1_180' title='bbox 744 1982 840 2015; x_wconf 86' lang='lat' dir='ltr'><strong>meam:</strong></span> <span class='ocrx_word' id='word_1_181' title='bbox 859 1967 960 2017; x_wconf 89' lang='lat' dir='ltr'><strong>intende</strong></span> 
     </span>
     <span class='ocr_line' id='line_1_28' title="bbox 147 2029 719 2098; baseline 0.005 -15"><span class='ocrx_word' id='word_1_182' title='bbox 147 2032 225 2092; x_wconf 89' lang='lat' dir='ltr'>EUS,</span> <span class='ocrx_word' id='word_1_183' title='bbox 238 2035 349 2098; x_wconf 88' lang='lat' dir='ltr'><strong>repulisti</strong></span> <span class='ocrx_word' id='word_1_184' title='bbox 358 2052 411 2096; x_wconf 90' lang='lat' dir='ltr'><strong>nos,</strong></span> <span class='ocrx_word' id='word_1_185' title='bbox 425 2044 450 2086; x_wconf 88' lang='lat' dir='ltr'><strong>et</strong></span> <span class='ocrx_word' id='word_1_186' title='bbox 460 2037 503 2087; x_wconf 90' lang='lat' dir='ltr'><strong>de·</strong></span> <span class='ocrx_word' id='word_1_187' title='bbox 534 2029 640 2080; x_wconf 69' lang='lat' dir='ltr'><strong>orationi</strong></span> <span class='ocrx_word' id='word_1_188' title='bbox 650 2045 719 2080; x_wconf 79' lang='lat' dir='ltr'><strong>meae·</strong></span> 
     </span>
     <span class='ocr_line' id='line_1_29' title="bbox 179 2094 959 2152; baseline 0 -8"><span class='ocrx_word' id='word_1_189' title='bbox 179 2099 287 2149; x_wconf 82' lang='lat' dir='ltr'><strong>struxisti</strong></span> <span class='ocrx_word' id='word_1_190' title='bbox 303 2114 363 2150; x_wconf 81' lang='lat' dir='ltr'><strong>nos:</strong></span> <span class='ocrx_word' id='word_1_191' title='bbox 385 2102 461 2151; x_wconf 69' lang='lat' dir='ltr'><strong>iratus</strong></span> <span class='ocrx_word' id='word_1_192' title='bbox 478 2119 503 2152; x_wconf 74' lang='lat' dir='ltr'><strong>es</strong></span> <span class='ocrx_word' id='word_1_193' title='bbox 567 2096 592 2143; x_wconf 88' lang='lat' dir='ltr'><strong>A</strong></span> <span class='ocrx_word' id='word_1_194' title='bbox 612 2094 701 2144; x_wconf 87' lang='lat' dir='ltr'><strong>finibus</strong></span> <span class='ocrx_word' id='word_1_195' title='bbox 723 2101 794 2144; x_wconf 86' lang='lat' dir='ltr'><strong>terrae</strong></span> <span class='ocrx_word' id='word_1_196' title='bbox 815 2096 848 2144; x_wconf 87' lang='lat' dir='ltr'><strong>ad</strong></span> <span class='ocrx_word' id='word_1_197' title='bbox 866 2102 892 2144; x_wconf 93' lang='lat' dir='ltr'><strong>te</strong></span> <span class='ocrx_word' id='word_1_198' title='bbox 910 2095 959 2144; x_wconf 90' lang='lat' dir='ltr'><strong>cla·</strong></span> 
     </span>
     <span class='ocr_line' id='line_1_30' title="bbox 74 2159 960 2218; baseline 0.003 -11"><span class='ocrx_word' id='word_1_199' title='bbox 74 2159 351 2215; x_wconf 48' lang='lat' dir='ltr'><strong>etmisertusesnobie</strong></span> <span class='ocrx_word' id='word_1_200' title='bbox 534 2159 608 2218; x_wconf 88' lang='lat' dir='ltr'><strong>mavi,</strong></span> <span class='ocrx_word' id='word_1_201' title='bbox 646 2160 706 2209; x_wconf 93' lang='lat' dir='ltr'><strong>dum</strong></span> <span class='ocrx_word' id='word_1_202' title='bbox 743 2159 882 2209; x_wconf 86' lang='lat' dir='ltr'><strong>anxiaretur</strong></span> <span class='ocrx_word' id='word_1_203' title='bbox 917 2176 960 2210; x_wconf 89' lang='lat' dir='ltr'><strong>cor</strong></span> 
     </span>
     <span class='ocr_line' id='line_1_31' title="bbox 109 2223 939 2289; baseline 0 -15"><span class='ocrx_word' id='word_1_204' title='bbox 109 2223 273 2277; x_wconf 87' lang='lat' dir='ltr'><strong>Commovisti</strong></span> <span class='ocrx_word' id='word_1_205' title='bbox 295 2236 385 2278; x_wconf 90' lang='lat' dir='ltr'><strong>terram</strong></span> <span class='ocrx_word' id='word_1_206' title='bbox 404 2237 429 2280; x_wconf 90' lang='lat' dir='ltr'><strong>et</strong></span> <span class='ocrx_word' id='word_1_207' title='bbox 445 2247 503 2281; x_wconf 88' lang='lat' dir='ltr'><strong>con·</strong></span> <span class='ocrx_word' id='word_1_208' title='bbox 534 2240 633 2274; x_wconf 87' lang='lat' dir='ltr'><strong>meum:</strong></span> <span class='ocrx_word' id='word_1_209' title='bbox 649 2224 676 2272; x_wconf 91' lang='lat' dir='ltr'><strong>in</strong></span> <span class='ocrx_word' id='word_1_210' title='bbox 686 2230 757 2289; x_wconf 90' lang='lat' dir='ltr'><strong>petra</strong></span> <span class='ocrx_word' id='word_1_211' title='bbox 768 2223 881 2274; x_wconf 86' lang='lat' dir='ltr'><strong>exaltasti</strong></span> <span class='ocrx_word' id='word_1_212' title='bbox 892 2240 939 2274; x_wconf 85' lang='lat' dir='ltr'><strong>me</strong></span> 
     </span>
     <span class='ocr_line' id='line_1_32' title="bbox 74 2288 959 2352; baseline 0.012 -15"><span class='ocrx_word' id='word_1_213' title='bbox 74 2288 181 2338; x_wconf 85' lang='lat' dir='ltr'><strong>turbasti</strong></span> <span class='ocrx_word' id='word_1_214' title='bbox 191 2305 259 2341; x_wconf 87' lang='lat' dir='ltr'><strong>eam:</strong></span> <span class='ocrx_word' id='word_1_215' title='bbox 275 2307 337 2343; x_wconf 87' lang='lat' dir='ltr'><strong>sana</strong></span> <span class='ocrx_word' id='word_1_216' title='bbox 346 2296 505 2346; x_wconf 87' lang='lat' dir='ltr'><strong>contritiones</strong></span> <span class='ocrx_word' id='word_1_217' title='bbox 567 2288 698 2337; x_wconf 70' lang='lat' dir='ltr'><strong>Deduxisti</strong></span> <span class='ocrx_word' id='word_1_218' title='bbox 708 2303 756 2348; x_wconf 63' lang='grc' dir='ltr'><strong>ΜΘ»</strong></span> <span class='ocrx_word' id='word_1_219' title='bbox 766 2289 824 2352; x_wconf 67' lang='lat' dir='ltr'><strong>quia</strong></span> <span class='ocrx_word' id='word_1_220' title='bbox 839 2289 918 2338; x_wconf 70' lang='lat' dir='ltr'><strong>sactus</strong></span> <span class='ocrx_word' id='word_1_221' title='bbox 934 2305 959 2338; x_wconf 60' lang='grc' dir='ltr'>ὅ</span> 
     </span>
     <span class='ocr_line' id='line_1_33' title="bbox 74 2352 960 2419; baseline 0 -17"><span class='ocrx_word' id='word_1_222' title='bbox 74 2352 144 2416; x_wconf 84' lang='lat' dir='ltr'><strong>ejus;</strong></span> <span class='ocrx_word' id='word_1_223' title='bbox 159 2355 219 2419; x_wconf 91' lang='lat' dir='ltr'><strong>quia</strong></span> <span class='ocrx_word' id='word_1_224' title='bbox 229 2366 354 2409; x_wconf 86' lang='lat' dir='ltr'><strong>commota</strong></span> <span class='ocrx_word' id='word_1_225' title='bbox 364 2367 407 2409; x_wconf 80' lang='lat' dir='ltr'><strong>est.</strong></span> <span class='ocrx_word' id='word_1_226' title='bbox 534 2368 590 2417; x_wconf 79' lang='lat' dir='ltr'><strong>spes</strong></span> <span class='ocrx_word' id='word_1_227' title='bbox 604 2369 674 2402; x_wconf 88' lang='lat' dir='ltr'><strong>mea:</strong></span> <span class='ocrx_word' id='word_1_228' title='bbox 691 2353 763 2402; x_wconf 90' lang='lat' dir='ltr'><strong>turris</strong></span> <span class='ocrx_word' id='word_1_229' title='bbox 779 2353 928 2403; x_wconf 79' lang='lat' dir='ltr'><strong>tortitudinis</strong></span> <span class='ocrx_word' id='word_1_230' title='bbox 944 2369 960 2402; x_wconf 88' lang='lat' dir='ltr'><strong>a</strong></span> 
     </span>
     <span class='ocr_line' id='line_1_34' title="bbox 108 2417 706 2487; baseline 0.013 -21"><span class='ocrx_word' id='word_1_231' title='bbox 108 2417 247 2469; x_wconf 87' lang='lat' dir='ltr'><strong>Ostendisti</strong></span> <span class='ocrx_word' id='word_1_232' title='bbox 262 2423 356 2487; x_wconf 90' lang='lat' dir='ltr'><strong>populo</strong></span> <span class='ocrx_word' id='word_1_233' title='bbox 373 2431 416 2473; x_wconf 91' lang='lat' dir='ltr'><strong>tuo</strong></span> <span class='ocrx_word' id='word_1_234' title='bbox 427 2425 502 2474; x_wconf 83' lang='lat' dir='ltr'><strong>dura:</strong></span> <span class='ocrx_word' id='word_1_235' title='bbox 533 2417 595 2466; x_wconf 71' lang='lat' dir='ltr'><strong>facie</strong></span> <span class='ocrx_word' id='word_1_236' title='bbox 605 2418 706 2467; x_wconf 72' lang='lat' dir='ltr'><strong>inimici·</strong></span> 
     </span>
     <span class='ocr_line' id='line_1_35' title="bbox 74 2482 959 2553; baseline 0.003 -24"><span class='ocrx_word' id='word_1_237' title='bbox 74 2483 168 2545; x_wconf 87' lang='lat' dir='ltr'><strong>potasti</strong></span> <span class='ocrx_word' id='word_1_238' title='bbox 189 2500 235 2534; x_wconf 87' lang='lat' dir='ltr'><strong>nos</strong></span> <span class='ocrx_word' id='word_1_239' title='bbox 253 2487 312 2536; x_wconf 83' lang='lat' dir='ltr'><strong>vino</strong></span> <span class='ocrx_word' id='word_1_240' title='bbox 334 2490 502 2553; x_wconf 73' lang='lat' dir='ltr'><strong>compunctio.</strong></span> <span class='ocrx_word' id='word_1_241' title='bbox 566 2483 715 2533; x_wconf 90' lang='lat' dir='ltr'><strong>Inhabitabo</strong></span> <span class='ocrx_word' id='word_1_242' title='bbox 742 2482 769 2531; x_wconf 94' lang='lat' dir='ltr'><strong>in</strong></span> <span class='ocrx_word' id='word_1_243' title='bbox 800 2482 959 2532; x_wconf 88' lang='lat' dir='ltr'><strong>tabernaculo</strong></span> 
     </span>
     <span class='ocr_line' id='line_1_36' title="bbox 74 2546 959 2611; baseline 0 -16"><span class='ocrx_word' id='word_1_244' title='bbox 74 2546 121 2595; x_wconf 83' lang='lat' dir='ltr'><strong>nis</strong></span> <span class='ocrx_word' id='word_1_245' title='bbox 532 2552 576 2596; x_wconf 92' lang='lat' dir='ltr'><strong>tuo</strong></span> <span class='ocrx_word' id='word_1_246' title='bbox 602 2548 629 2596; x_wconf 91' lang='lat' dir='ltr'><strong>in</strong></span> <span class='ocrx_word' id='word_1_247' title='bbox 655 2547 759 2597; x_wconf 84' lang='lat' dir='ltr'><strong>saecula:</strong></span> <span class='ocrx_word' id='word_1_248' title='bbox 791 2554 907 2611; x_wconf 83' lang='lat' dir='ltr'><strong>protegar</strong></span> <span class='ocrx_word' id='word_1_249' title='bbox 933 2547 959 2595; x_wconf 89' lang='lat' dir='ltr'><strong>in</strong></span> 
     </span>
     <span class='ocr_line' id='line_1_37' title="bbox 108 2611 891 2668; baseline -0.003 -6"><span class='ocrx_word' id='word_1_250' title='bbox 108 2611 207 2662; x_wconf 85' lang='lat' dir='ltr'><strong>Dedisti</strong></span> <span class='ocrx_word' id='word_1_251' title='bbox 225 2617 391 2667; x_wconf 87' lang='lat' dir='ltr'><strong>metuentibus</strong></span> <span class='ocrx_word' id='word_1_252' title='bbox 412 2625 437 2668; x_wconf 89' lang='lat' dir='ltr'><strong>te</strong></span> <span class='ocrx_word' id='word_1_253' title='bbox 454 2619 474 2667; x_wconf 87' lang='lat' dir='ltr'><strong>si</strong></span> <span class='ocrx_word' id='word_1_254' title='bbox 493 2646 502 2656; x_wconf 94' lang='lat'>-</span> <span class='ocrx_word' id='word_1_255' title='bbox 531 2611 675 2661; x_wconf 79' lang='lat' dir='ltr'><strong>velamento</strong></span> <span class='ocrx_word' id='word_1_256' title='bbox 682 2611 776 2660; x_wconf 87' lang='lat' dir='ltr'><strong>alarum</strong></span> <span class='ocrx_word' id='word_1_257' title='bbox 788 2619 891 2660; x_wconf 90' lang='lat' dir='ltr'><strong>tuarum.</strong></span> 
     </span>
     <span class='ocr_line' id='line_1_38' title="bbox 75 2673 981 2744; baseline 0.011 -20"><span class='ocrx_word' id='word_1_258' title='bbox 75 2673 257 2728; x_wconf 88' lang='lat' dir='ltr'><strong>nificationem:</strong></span> <span class='ocrx_word' id='word_1_259' title='bbox 273 2687 301 2729; x_wconf 90' lang='lat' dir='ltr'><strong>ut</strong></span> <span class='ocrx_word' id='word_1_260' title='bbox 312 2681 430 2744; x_wconf 82' lang='lat' dir='ltr'><strong>fugianta</strong></span> <span class='ocrx_word' id='word_1_261' title='bbox 439 2683 503 2733; x_wconf 81' lang='lat' dir='ltr'><strong>sacre</strong></span> <span class='ocrx_word' id='word_1_262' title='bbox 566 2676 691 2739; x_wconf 90' lang='lat' dir='ltr'><strong>Quoniam</strong></span> <span class='ocrx_word' id='word_1_263' title='bbox 702 2684 738 2735; x_wconf 58' lang='lat' dir='ltr'><strong>tu,</strong></span> <span class='ocrx_word' id='word_1_264' title='bbox 752 2677 821 2724; x_wconf 67' lang='lat' dir='ltr'>Deus</span> <span class='ocrx_word' id='word_1_265' title='bbox 831 2690 907 2734; x_wconf 66' lang='lat' dir='ltr'><strong>meus,</strong></span> <span class='ocrx_word' id='word_1_266' title='bbox 918 2691 957 2724; x_wconf 74' lang='lat'><strong>0¹·</strong></span> <span class='ocrx_word' id='word_1_267' title='bbox 977 2691 981 2698; x_wconf 87' lang='lat'>&#39;</span> 
     </span>
     <span class='ocr_line' id='line_1_39' title="bbox 75 2741 957 2790; baseline 0.002 -2"><span class='ocrx_word' id='word_1_268' title='bbox 75 2755 154 2790; x_wconf 78' lang='lat' dir='ltr'><strong>arctas</strong></span> <span class='ocrx_word' id='word_1_269' title='bbox 251 2761 253 2764; x_wconf 51' lang='lat'><strong><em>¹</em></strong></span> <span class='ocrx_word' id='word_1_270' title='bbox 533 2741 624 2790; x_wconf 88' lang='lat' dir='ltr'><strong>audisti</strong></span> <span class='ocrx_word' id='word_1_271' title='bbox 645 2741 782 2790; x_wconf 90' lang='lat' dir='ltr'><strong>orationem</strong></span> <span class='ocrx_word' id='word_1_272' title='bbox 800 2755 896 2788; x_wconf 82' lang='lat' dir='ltr'><strong>meam:</strong></span> <span class='ocrx_word' id='word_1_273' title='bbox 915 2741 957 2790; x_wconf 90' lang='lat' dir='ltr'><strong>de·</strong></span> 
     </span>
     <span class='ocr_line' id='line_1_40' title="bbox 111 2804 958 2861; baseline -0.001 -6"><span class='ocrx_word' id='word_1_274' title='bbox 111 2804 147 2855; x_wconf 91' lang='lat' dir='ltr'><strong>Ut</strong></span> <span class='ocrx_word' id='word_1_275' title='bbox 173 2806 308 2859; x_wconf 85' lang='lat' dir='ltr'><strong>liberentur</strong></span> <span class='ocrx_word' id='word_1_276' title='bbox 336 2811 420 2861; x_wconf 80' lang='lat' dir='ltr'><strong>dilecti</strong></span> <span class='ocrx_word' id='word_1_277' title='bbox 447 2813 502 2861; x_wconf 77' lang='lat' dir='ltr'><strong>tui:</strong></span> <span class='ocrx_word' id='word_1_278' title='bbox 532 2806 591 2854; x_wconf 89' lang='lat' dir='ltr'><strong>disti</strong></span> <span class='ocrx_word' id='word_1_279' title='bbox 616 2805 786 2854; x_wconf 86' lang='lat' dir='ltr'><strong>haereditatem</strong></span> <span class='ocrx_word' id='word_1_280' title='bbox 815 2804 958 2854; x_wconf 89' lang='lat' dir='ltr'><strong>timentibus</strong></span> 
     </span>
     <span class='ocr_line' id='line_1_41' title="bbox 75 2868 721 2936; baseline -0.005 -16"><span class='ocrx_word' id='word_1_281' title='bbox 75 2868 172 2919; x_wconf 80' lang='lat' dir='ltr'><strong>salvum</strong></span> <span class='ocrx_word' id='word_1_282' title='bbox 199 2871 238 2922; x_wconf 84' lang='lat' dir='ltr'><strong>sac</strong></span> <span class='ocrx_word' id='word_1_283' title='bbox 270 2875 371 2925; x_wconf 82' lang='lat' dir='ltr'><strong>dextera</strong></span> <span class='ocrx_word' id='word_1_284' title='bbox 397 2883 447 2936; x_wconf 88' lang='lat' dir='ltr'><strong>tua,</strong></span> <span class='ocrx_word' id='word_1_285' title='bbox 477 2884 502 2926; x_wconf 83' lang='lat' dir='ltr'><strong>et</strong></span> <span class='ocrx_word' id='word_1_286' title='bbox 533 2870 634 2919; x_wconf 89' lang='lat' dir='ltr'><strong>Nomen</strong></span> <span class='ocrx_word' id='word_1_287' title='bbox 645 2877 721 2918; x_wconf 86' lang='lat' dir='ltr'><strong>tuum.</strong></span> 
     </span>
     <span class='ocr_line' id='line_1_42' title="bbox 75 2931 956 2998; baseline 0 -16"><span class='ocrx_word' id='word_1_288' title='bbox 75 2935 165 2985; x_wconf 86' lang='lat' dir='ltr'><strong>exaudi</strong></span> <span class='ocrx_word' id='word_1_289' title='bbox 176 2952 224 2986; x_wconf 89' lang='lat' dir='ltr'><strong>me.</strong></span> <span class='ocrx_word' id='word_1_290' title='bbox 566 2934 626 2982; x_wconf 80' lang='lat' dir='ltr'><strong>Dies</strong></span> <span class='ocrx_word' id='word_1_291' title='bbox 648 2948 722 2998; x_wconf 90' lang='lat' dir='ltr'><strong>super</strong></span> <span class='ocrx_word' id='word_1_292' title='bbox 741 2932 795 2982; x_wconf 91' lang='lat' dir='ltr'><strong>dies</strong></span> <span class='ocrx_word' id='word_1_293' title='bbox 816 2931 880 2996; x_wconf 86' lang='lat' dir='ltr'><strong>regis</strong></span> <span class='ocrx_word' id='word_1_294' title='bbox 896 2934 956 2997; x_wconf 87' lang='lat' dir='ltr'><strong>adji·</strong></span> 
     </span>
     <span class='ocr_line' id='line_1_43' title="bbox 110 2996 957 3074; baseline 0.001 -27"><span class='ocrx_word' id='word_1_295' title='bbox 110 2999 179 3049; x_wconf 89' lang='lat' dir='ltr'><strong>Dens</strong></span> <span class='ocrx_word' id='word_1_296' title='bbox 200 3001 296 3053; x_wconf 89' lang='lat' dir='ltr'><strong>locutus</strong></span> <span class='ocrx_word' id='word_1_297' title='bbox 318 3011 354 3053; x_wconf 88' lang='lat' dir='ltr'><strong>est</strong></span> <span class='ocrx_word' id='word_1_298' title='bbox 373 3005 400 3053; x_wconf 89' lang='lat' dir='ltr'><strong>in</strong></span> <span class='ocrx_word' id='word_1_299' title='bbox 416 3013 503 3056; x_wconf 85' lang='lat' dir='ltr'><strong>sancto</strong></span> <span class='ocrx_word' id='word_1_300' title='bbox 534 2998 599 3048; x_wconf 76' lang='lat' dir='ltr'><strong>cies:</strong></span> <span class='ocrx_word' id='word_1_301' title='bbox 614 3013 693 3074; x_wconf 78' lang='lat' dir='ltr'><strong>annos</strong></span> <span class='ocrx_word' id='word_1_302' title='bbox 703 2996 756 3061; x_wconf 88' lang='lat' dir='ltr'><strong>ejus</strong></span> <span class='ocrx_word' id='word_1_303' title='bbox 766 2997 880 3073; x_wconf 78' lang='lat' dir='ltr'><strong>usquein</strong></span> <span class='ocrx_word' id='word_1_304' title='bbox 887 2998 957 3074; x_wconf 81' lang='lat' dir='ltr'><strong>diem</strong></span> 
     </span>
     <span class='ocr_line' id='line_1_44' title="bbox 74 3064 914 3134; baseline -0.001 -19"><span class='ocrx_word' id='word_1_305' title='bbox 74 3078 138 3114; x_wconf 69' lang='lat' dir='ltr'><strong>suot</strong></span> <span class='ocrx_word' id='word_1_306' title='bbox 152 3064 262 3128; x_wconf 76' lang='lat' dir='ltr'><strong>laetabor,</strong></span> <span class='ocrx_word' id='word_1_307' title='bbox 273 3077 298 3117; x_wconf 86' lang='lat' dir='ltr'><strong>et</strong></span> <span class='ocrx_word' id='word_1_308' title='bbox 304 3069 415 3134; x_wconf 76' lang='lat' dir='ltr'><strong>partibor</strong></span> <span class='ocrx_word' id='word_1_309' title='bbox 423 3070 503 3122; x_wconf 71' lang='lat' dir='ltr'><strong>sichi.</strong></span> <span class='ocrx_word' id='word_1_310' title='bbox 534 3069 698 3128; x_wconf 78' lang='lat' dir='ltr'><strong>generationis</strong></span> <span class='ocrx_word' id='word_1_311' title='bbox 708 3071 733 3112; x_wconf 90' lang='lat' dir='ltr'><strong>et</strong></span> <span class='ocrx_word' id='word_1_312' title='bbox 743 3069 914 3126; x_wconf 75' lang='lat' dir='ltr'><strong>generationis</strong></span> 
     </span>
     <span class='ocr_line' id='line_1_45' title="bbox 141 3139 189 3193; baseline 0.021 -1"><span class='ocrx_word' id='word_1_313' title='bbox 141 3139 189 3193; x_wconf 81' lang='lat'><strong>25³</strong></span> 
     </span>
    </p>
   </div>
   <div class='ocr_carea' id='block_1_5' title="bbox 0 0 1052 3450">
    <p class='ocr_par' dir='ltr' id='par_1_5' title="bbox 0 0 1052 3450">
     <span class='ocr_line' id='line_1_46' title="bbox 0 0 1052 3450; baseline 0 0"><span class='ocrx_word' id='word_1_314' title='bbox 0 0 1052 3450; x_wconf 95' lang='lat' dir='ltr'><strong> </strong></span> 
     </span>
    </p>
   </div>
  </div>
 </body>
</html>
