2092 3450
352 121 425 179 dtur
441 122 569 193 captanti
585 125 745 185 &culturam

107 291 206 343 Deinde
223 293 349 344 Sacerdos
368 296 533 360 baptizandos
565 281 769 347 ⁰m¹¹ll>⁰l²¹¹l01¹¹u
784 281 931 333 Cffllmm
941 281 1000 333 0⁰³li

221 359 257 408 ita
267 360 423 426 alloquatur:
567 349 693 422 θῐῒθῐῐφῗ
860 411 866 423 ¹

600 412 634 461 Et
655 427 681 460 m
698 412 784 476 Jesum
806 410 937 461 Christum
956 411 998 461 Fu·

176 476 408 536 ILECTISSIMI,
427 476 471 541 qui
487 476 536 525 huc
566 473 628 524 lium
636 475 689 539 ejus
696 476 851 540 unigenitum
858 476 1000 526 Dominum

203 542 261 591 ideo
275 541 407 590 advenistis
423 548 451 589 ιιι
467 556 535 590 sanc·
565 542 696 589 nostrum?
723 541 838 604 Eumque
848 548 1000 605 conceptum

108 611 163 655 tum
175 606 329 670 Baptismum
346 604 479 668 accipiatis,
493 621 536 653 au·
567 619 620 653 esse
635 604 668 653 de
685 605 780 716 Spiritu
791 605 895 663 Sancto,
910 611 999 654 natum

108 671 203 718 divistis
212 669 426 733 congregationem
434 684 535 717 exoran·
567 685 598 717 ex
615 668 697 717 Maria
732 669 818 733 irgine,
850 684 935 718 assum
950 669 999 718 sub

108 742 159 782 tem
175 741 203 782 ut
219 733 342 782 Dominus
363 741 446 782 noster
463 734 535 797 Jesus
567 733 657 782 Pontio
669 732 756 793 Pilato,
769 733 921 794 crucifixum,
931 749 998 783 mot·

110 798 220 846 Christus
235 813 279 846 vos
294 797 405 861 accipere
420 805 445 846 et
461 799 535 847 bene·
565 803 644 856 tuum,
655 804 680 847 et
691 797 829 862 sepultum
840 797 998 847 descendisse

108 863 196 920 dicere,
218 877 234 910 a
256 862 362 925 peccatis
383 862 470 911 vestris
492 863 534 911 ab·
566 862 599 910 ad
616 862 714 922 inferos,
730 868 756 911 et
771 862 845 911 tertia
858 862 903 912 die
918 877 997 912 resur·

108 926 209 986 solvere,
223 933 248 974 et
258 925 329 975 vobis
345 942 448 990 regnum
460 927 534 976 coelo·
565 925 656 975 rexisse
665 943 673 986 ;
695 927 835 976 ascendisse
852 927 887 976 ad
908 926 994 986 coelos,

108 1006 163 1038 rum
196 996 221 1039 et
250 990 328 1038 vitam
360 992 535 1055 sempiternam
566 997 592 1039 et
618 991 703 1040 sedere
730 990 763 1039 ad
789 990 920 1040 dexteram
947 990 997 1040 Dei

108 1054 242 1103 concedere
250 1056 371 1118 dignetur.
397 1055 535 1105 Audivistis
568 1055 647 1104 Patris
670 1055 864 1119 omnipotentis,
889 1060 916 1105 et
936 1054 997 1105 inde

108 1125 226 1182 praeterea
254 1119 391 1168 Dominum
423 1128 535 1169 nostrum
566 1126 697 1168 venturum
716 1135 768 1168 ease
786 1119 814 1168 in
831 1119 882 1169 fine
901 1119 994 1179 saeculi,

106 1184 191 1247 Jesum
209 1183 334 1233 Christum
350 1185 376 1232 in
394 1184 471 1233 verbo
490 1200 535 1233 suo
564 1183 675 1247 judicare
686 1184 756 1233 vivos
767 1190 792 1233 et
801 1186 936 1234 mortuos?

107 1255 192 1296 sancto
207 1249 356 1312 promisisse,
369 1264 396 1297 se
412 1249 466 1298 haec
482 1264 534 1298 om·
600 1248 687 1298 Credis
704 1255 729 1297 et
745 1248 772 1297 in
783 1248 907 1312 Spiritum
918 1248 995 1299 Sanc·

107 1312 150 1360 nia
160 1327 216 1376 quae
232 1313 335 1375 rogastis
346 1328 535 1374 concessurum3
566 1319 627 1372 tum,
650 1320 760 1362 sanctam
782 1312 924 1363 Ecclesiam
946 1313 995 1363 Ca·

107 1392 181 1440 quam
204 1378 392 1440 promissionem
413 1378 467 1441 ipse
488 1394 534 1442 pro
565 1377 691 1436 tholicam,
715 1383 856 1426 sanctorum
875 1377 996 1427 Commu·

106 1449 177 1503 parte
193 1456 238 1489 sua
253 1442 386 1490 certissime
397 1443 531 1505 praestabit.
565 1442 674 1502 nionem,
704 1442 873 1491 remissionem
908 1457 995 1507 pecca·

107 1505 275 1566 Quamobrem
287 1506 334 1554 hac
347 1506 535 1570 promissionea
565 1512 654 1566 torum,
679 1506 759 1555 carnis
780 1506 994 1566 resurrectionem,

108 1570 206 1618 Christo
222 1569 294 1628 facta,
308 1586 353 1619 vos
370 1571 445 1619 etiam
461 1587 534 1635 opor·
565 1577 591 1619 et
611 1573 689 1619 vitam
710 1577 828 1620 aeternam
849 1578 909 1636 post
929 1586 995 1621 mor-

107 1640 142 1681 tet
169 1650 214 1697 pro
241 1642 311 1697 parte
336 1642 425 1694 vestra,
451 1651 534 1685 coram
565 1637 636 1683 tem?

107 1697 174 1746 hisce
201 1700 303 1747 testibus
325 1701 410 1748 vestris
438 1707 463 1748 et
486 1700 534 1749 hac
596 1704 671 1768 Resp.
702 1701 767 1749 Haec
794 1699 880 1749 omnia
907 1700 997 1750 firmis·

107 1769 159 1810 tota
187 1764 384 1826 congregatione,
412 1765 534 1827 spondere
564 1764 719 1812 simecredo.

106 1842 151 1874 vos
176 1827 276 1875 diabolo
299 1834 324 1876 et
346 1829 460 1876 omnibus
482 1829 533 1891 ejus
597 1831 646 1893 Qu.
681 1829 727 1878 Vis
748 1828 868 1892 baptizari
893 1829 921 1878 in
948 1829 997 1879 hac

107 1891 222 1952 operibus
230 1892 449 1953 abrenuntiaturos,
457 1894 533 1942 verbo
564 1891 633 1941 fide?

108 1954 156 2003 Dei
173 1962 258 2003 sancto
275 1963 414 2004 constanter
429 1958 533 2005 creditu·
595 1958 671 2022 Resp.
693 1957 766 2006 Volo.

106 2034 154 2078 ros,
166 2026 190 2067 et
199 2021 316 2068 mandata
327 2020 379 2083 ejus
391 2021 534 2070 obedienter
595 2024 644 2085 Qu.
674 2020 789 2070 Servabis
810 2021 886 2084 igitur
909 2021 996 2072 obedi-

106 2092 250 2133 servaturos.
565 2091 635 2133 enter
650 2092 761 2134 sanctam
772 2086 821 2134 Dei
838 2086 996 2135 voluntatem

564 2157 589 2197 et
599 2150 723 2208 mandata,
738 2158 762 2198 et
773 2150 800 2198 in
811 2150 841 2199 iis
853 2150 996 2201 ambulabis

106 2227 206 2276 Deinde
219 2228 341 2278 Sacerdos
353 2230 457 2295 singulis
471 2232 531 2296 bap·
564 2214 678 2262 munibus
689 2214 775 2263 diebus
787 2217 844 2263 Vitae
855 2217 926 2265 tuae?

137 2293 242 2365 tirandis
254 2296 299 2343 has
315 2305 447 2360 sequentes
464 2315 530 2363 quoe·
563 2275 672 2390 adllcsp·
697 2278 755 2327 HOC
770 2286 798 2328 ¹¹1
815 2278 914 2340 faciam,
938 2280 996 2330 Deo

137 2365 231 2407 stiones
242 2368 374 2424 proponat.
594 2348 703 2406 lavante,
718 2358 820 2407 ‘'pefam
831 2343 907 2393 d2b0·

171 2472 406 2525 BRENUNTIAS
433 2474 533 2523 dlab010
607 2489 707 2540 Deinde
718 2489 785 2540 dicat
798 2490 933 2547 Sacerdos,

189 2546 214 2586 et
222 2538 337 2588 omnibus
347 2538 399 2602 ejus
408 2540 530 2603 operibus,

106 2602 174 2651 inani
188 2618 288 2666 pompae
299 2611 324 2651 et
334 2604 419 2666 gloriae
435 2604 529 2664 mundi,
627 2601 804 2661 ONCEDE,
853 2601 994 2652 misericors

106 2674 130 2714 et
145 2667 260 2715 omnibus
278 2667 330 2731 ejus
346 2668 530 2731 cupiditatibus,
654 2667 730 2726 Deus,
744 2673 772 2714 ut
782 2673 854 2716 vetus
866 2667 951 2715 Adam
966 2667 993 2716 in

106 2747 162 2779 cum
200 2732 279 2780 carnis
319 2732 530 2795 concupiscentiis,
563 2730 616 2780 istis
637 2733 673 2779 ita
693 2731 833 2794 sepeliatur,
858 2738 886 2780 ut
908 2732 935 2780 in
957 2732 993 2781 eis

106 2795 168 2842 adeo
186 2803 212 2844 ut
231 2811 272 2844 eas
291 2797 368 2860 sequi,
387 2796 427 2844 rel
446 2796 478 2844 ab
498 2797 532 2844 eis
562 2810 640 2844 novies
651 2802 767 2858 resurgat.
796 2798 885 2845 Amen.

106 2859 170 2918 duci,
185 2867 210 2908 te
220 2876 270 2908 non
282 2862 315 2909 sis
326 2860 506 2924 permissurus?
595 2860 711 2908 Concede
727 2865 754 2908 ut
772 2859 798 2908 in
818 2861 854 2908 eis
872 2860 993 2909 moriatur

135 2922 211 2987 Resp.
238 2925 395 2974 Abrenuntio
414 2925 463 2973 illis
479 2941 531 2973 om·
562 2939 636 2972 omne
647 2924 715 2987 quod
728 2925 807 2972 camis
824 2931 869 2983 est,
882 2925 951 2974 vivat
967 2933 993 2974 et

106 2985 184 3035 nibus.
563 2996 655 3037 crescat
682 3003 756 3037 omne
782 2989 851 3052 quod
874 2987 989 3052 Spiritus„

135 3046 183 3107 Qu·
204 3052 296 3164 6Credis
307 3055 331 3100 in
340 3054 423 3101 Deum
432 3053 531 3102 Patrem
563 3055 651 3102 Amen.

174 3125 202 3176 17
