2092 3450
297 159 417 228 haitaina
427 159 519 227 ibtiutu
530 151 688 220 litfutnutu.

132 296 373 351 MNIPOTENS
396 299 485 364 DeuS,
516 314 635 367 regnum
657 308 737 352 tuum
756 309 785 353 et
805 297 944 368 justitiam

156 367 242 421 totius
256 367 485 438 sapientiaefons‚
516 369 577 439 ejus
617 370 807 439 quaerentibus
846 371 942 424 omnia

57 437 105 492 cui
118 447 196 507 patet
208 439 284 509 quod
297 456 367 509 opus
383 439 418 493 sit
436 456 485 493 no·
516 441 654 510 corporali
684 441 750 495 vitae
784 441 944 495 necessaria

57 508 105 562 bis
118 522 289 578 anteaquam
307 519 486 578 petamuS,et
517 511 688 581 promisisti:
730 511 831 579 Nobis,
867 528 943 582 quae·

58 589 159 633 nostra
171 579 200 632 in
219 580 342 648 petendo
356 581 486 647 ignorari·
518 599 623 648 sumus,
646 582 675 635 in
697 581 750 635 hac
777 590 875 635 nostra
895 598 944 634 ne·

58 650 121 704 tia:
149 650 295 716 Miserere,
316 667 487 720 quaesumus,
518 653 649 706 cessitate
692 652 817 722 pluviam
852 653 944 707 tribue

59 720 255 774 infirmitatum
264 732 424 774 nostrarum
431 740 438 786 ;
458 731 486 775 et
517 732 740 792 congruentem
786 733 817 777 ut
862 732 944 777 terrae

59 807 126 860 quae
146 807 197 859 pro
210 791 377 860 indignitate
390 801 487 845 nostra
516 793 624 847 fructus
634 794 672 847 ad
681 804 806 847 nostram
817 794 944 847 consola-

57 870 157 930 petere
169 878 226 914 non
239 862 383 934 audemus,
396 872 424 916 et
436 879 487 931 pro
518 864 625 918 tionem
649 874 678 918 et
704 866 841 919 honorem
865 874 944 917 tuum

58 931 190 985 caecitate
202 941 298 985 nostra
314 949 371 986 non
388 949 487 1002 possu·
518 935 713 1004 percipiamus.
736 950 742 957 ·
764 937 818 990 Per
847 936 945 1004 Jesum

58 1018 134 1068 rnus,
143 1012 172 1055 tu
183 1002 265 1056 nobis
274 1003 411 1072 propitius
420 1020 487 1056 con·
519 1005 663 1060 Christum
695 1007 851 1060 Dominum
881 1023 946 1060 nos-

58 1072 162 1126 cedere
170 1073 487 1142 digneris,propterdig-
518 1085 599 1129 trum.

58 1142 373 1212 nitatemFiliituiJesu
383 1144 487 1199 Christi
685 1197 691 1207 ,
786 1192 810 1208 ..

60 1213 181 1266 Domini
193 1215 291 1268 nostri,
326 1215 427 1269 Amen,
567 1199 621 1251 Pro
634 1213 708 1252 aeris
721 1208 878 1253 serenitate.

589 1282 725 1337 OMINE
764 1285 854 1351 Deus,
896 1283 944 1352 qui

134 1354 375 1409 MNIPOTENS
399 1356 488 1422 DeuS,
623 1354 700 1422 olim,
740 1363 854 1424 propter
895 1355 946 1408 ho-

168 1425 265 1494 quiin
283 1427 408 1480 Nomine
424 1427 487 1480 Filii
519 1423 627 1477 minum
654 1434 781 1493 peccata,
808 1424 946 1478 mundum

58 1494 102 1548 tui
112 1496 271 1564 rogantium
281 1497 432 1566 petitiones
442 1514 487 1551 ex·
520 1495 690 1559 universum,
701 1505 765 1548 octo
773 1504 883 1549 tanturn
895 1495 945 1548 ho-

59 1565 161 1619 audire
188 1567 361 1637 promisisti;
396 1570 488 1621 Aures
519 1565 643 1618 minibus
667 1566 800 1635 exceptis,
822 1567 947 1619 submer-

60 1647 136 1702 tuas,
151 1652 321 1706 quaesumus,
340 1638 422 1692 nobis
440 1638 488 1692 be·
520 1635 590 1702 sisti,
600 1644 628 1689 et
638 1644 745 1703 postea,
757 1653 808 1706 pro
821 1636 948 1691 bonitate

60 1706 165 1775 nigrius
177 1707 289 1774 inclina,
300 1708 348 1777 qui
354 1708 415 1778 jam
427 1725 489 1777 pre·
520 1715 577 1773 tua,
595 1706 735 1774 pollicitus
758 1724 787 1760 es
806 1723 871 1760 eum
889 1724 947 1760 non

60 1793 109 1831 ces
117 1788 146 1831 et
154 1778 489 1848 supplicationesnostras
520 1776 621 1830 iterum
652 1786 680 1830 te
707 1777 746 1830 ita
770 1777 946 1842 deleturum;

63 1863 162 1901 coram
174 1857 202 1902 te
217 1848 355 1902 fecimus:
376 1858 404 1903 et
423 1866 489 1903 con·
522 1846 670 1916 Supplices
694 1857 722 1902 te
752 1864 893 1916 rogamuS,
917 1857 949 1901 ut

61 1918 133 1971 cede
169 1928 199 1972 ut
236 1936 300 1990 quae
334 1920 490 1973 secundum
521 1917 649 1986 quamvis
680 1928 794 1988 propter
818 1918 948 1989 iniquita-

61 1989 238 2042 voluntatem
262 2000 341 2043 tuam
371 1989 490 2043 fideliter
522 1996 579 2040 tem
612 1997 738 2043 nostram
775 1989 863 2041 nimia
892 1988 948 2042 ista

61 2059 233 2126 rogavimus,
252 2060 404 2114 efficaciter
424 2077 490 2114 con·
521 2058 617 2128 pluvia
634 2060 727 2113 vexari
745 2060 839 2113 meriti
852 2059 948 2127 simus,

62 2130 267 2199 sequamur,ad
277 2131 433 2185 subsidium
442 2148 489 2184 ne·
522 2129 725 2197 poenitentibus
757 2139 853 2184 tamen
884 2147 949 2183 earn

63 2200 205 2254 cessitatis
215 2209 320 2254 nostrae
331 2210 358 2254 et
368 2201 405 2255 ad
414 2201 490 2254 illus·
522 2199 595 2253 aeris
631 2200 737 2255 tribuas
768 2200 948 2254 serenitatem

62 2270 196 2324 trandam
203 2272 413 2340 gloriamtuam.
437 2273 491 2326 Per
523 2286 579 2340 qua
597 2279 679 2325 terrae
696 2272 801 2325 sructus
820 2280 948 2338 tempore

62 2342 161 2411 Jesum
176 2341 320 2395 Christum
334 2342 491 2397 Dominum
523 2351 680 2410 opportuno
701 2341 898 2411 percipiamus,
921 2350 949 2394 et

62 2421 200 2479 nostrum.
236 2413 337 2466 Amen.
522 2427 574 2479 per
593 2428 709 2480 poenam
728 2412 835 2465 illatam
855 2427 948 2464 mores

90 2515 93 2521 ι
523 2481 682 2549 emendare,
695 2492 723 2536 et
740 2492 853 2551 propter
871 2490 949 2534 tuam

177 2531 200 2585 P
201 2548 232 2586 ΓΟ
245 2532 347 2601 ΡῙῑΝῘᾶ·
522 2551 666 2621 petitionis
678 2562 782 2606 nostrae
792 2550 950 2605 concessio·

132 2618 224 2686 EUS,
249 2619 333 2672 Pater
359 2619 492 2688 coelestis,
523 2638 589 2676 nem
601 2621 652 2675 tibi
664 2631 758 2690 grates
768 2621 885 2675 reddere
895 2621 951 2676 dis-

159 2688 208 2759 qui
230 2705 280 2758 per
297 2689 400 2742 Filium
413 2699 492 2743 tuum
524 2708 629 2746 camus.
668 2694 721 2746 Per
739 2694 836 2762 Jesum
856 2692 950 2747 Chris·

62 2758 162 2829 Jesum
187 2759 331 2814 Christum
354 2761 493 2815 universis
523 2771 584 2816 tum
597 2762 754 2817 Dominum
766 2772 900 2817 nostrum

57 2882 148 2936 Feriis
161 2882 267 2952 quartis
279 2891 307 2936 et
321 2883 406 2936 sextis
420 2881 531 2936 Litania
543 2879 661 2949 Anglice
674 2879 783 2933 dicatur
801 2890 849 2933 aut
868 2898 932 2934 can-

91 2963 169 3008 tetur.
188 2954 216 3007 in
236 2954 366 3007 omnibus
385 2954 464 3020 locis,
476 2970 541 3006 eam
559 2951 714 3005 secundum
732 2951 852 3004 formam
871 2970 934 3022 quae

15 3047 17 3050 ·
92 3024 319 3092 injunctionibus
334 3025 430 3093 Regiae
444 3023 604 3092 Majestatis
621 3022 784 3090 praescripta
802 3032 863 3087 est;
889 3026 933 3078 vel

92 3112 157 3165 quae
169 3095 250 3150 aliter
261 3113 279 3151 a
292 3095 467 3150 Celsitudine
480 3111 531 3148 sua
545 3092 710 3164 praescripta
729 3094 764 3147 sit
783 3093 825 3148 vel
844 3095 935 3148 fuerit.

130 3177 178 3244 381
