2092 3450
309 166 433 239 renui
442 164 565 225 suaa
573 162 745 223 mamni.

121 304 224 363 eadem
235 316 341 363 arceat.
376 306 495 363 Proviso
507 320 628 387 semper,
636 302 715 387 quod
723 300 819 359 is
827 300 960 371 Minister,

121 378 147 432 si
164 394 238 449 quos
254 380 295 433 ita
311 388 416 447 arceat,
426 386 511 449 prout
527 376 575 431 luc
592 382 792 457 praescriptum
807 384 859 445 est,
875 382 960 429 totam

121 464 183 503 rem
194 458 316 519 exponat
329 448 483 503 Ordinatio
493 444 703 529 quamprimum
713 454 815 527 possit.

87 521 200 586 Mensa,
219 520 328 575 mundo
346 518 513 573 linteamine
531 516 591 571 albi
610 516 715 571 coloris
736 530 764 571 er
787 532 819 569 ιιι
840 523 960 587 tmpore

123 589 339 645 Communionis
350 587 577 661 superpositum
587 586 685 641 medio
693 584 834 641 Ecclesia
845 594 909 655 stet,
917 592 961 639 aut

121 660 152 715 in
166 660 261 715 Choro
271 679 279 725 3
296 670 326 715 et
339 661 479 729 Minister,
487 668 568 713 stans
578 657 617 711 ad
626 656 847 739 septentrionale
856 656 961 711 Mensae

120 732 205 801 latus,
224 732 271 785 vel
289 732 339 785 ubi
359 732 463 785 Preces
483 730 635 783 Matutmae
653 736 682 783 et
701 728 882 797 Vespertmae
900 734 962 781 suut

121 800 261 868 dicendae,
272 802 350 856 dicat
362 801 530 856 Orationem
541 797 735 879 Dominicam,
746 814 814 851 eum
831 798 961 879 Oratione
982 808 987 815 ·

90 900 94 906 -
120 872 259 943 sequenti,
272 872 383 943 Populo
392 872 560 942 genuflexo:
581 868 633 923 sed
651 868 820 951 (irationem
838 868 962 950 Domini·

121 959 186 996 carn
198 940 329 1068 amittere
338 942 448 1013 lieet,si
458 942 562 997 Preces
572 940 796 1011 MatutruaeJam
804 936 962 993 immediate

121 1023 188 1069 ante
221 1013 285 1069 'ctae
297 1024 372 1069 sunt.

148 1164 361 1227 ATERuoster
376 1169 509 1241 quiesin
535 1171 781 1254 Tum'Miuister',
803 1174 844 1235 ad
872 1178 960 1249 Popu·

140 1212 509 1324 ·coelis‚SmcdicmmNo
570 1252 631 1305 lum
661 1266 827 1319 conversus,
856 1250 961 1305 Decem

88 1320 155 1359 men
171 1314 258 1363 tuum
293 1309 434 1367 Adveniet
447 1328 510 1381 ωε·
571 1320 714 1377 Mandata
742 1319 820 1375 clare
848 1320 961 1385 recitett

89 1391 158 1429 num
168 1385 255 1459 tuum
300 1379 365 1435 Fiat
379 1380 510 1437 voluntas
571 1392 698 1463 Populus
739 1400 846 1459 autem,
887 1390 961 1461 geni-

88 1455 145 1513 tua,
169 1444 249 1502 Sicut
270 1447 301 1503 iu
323 1450 406 1520 coelo,
428 1461 459 1507 et
480 1452 511 1507 in
570 1463 626 1517 bus
657 1461 748 1529 flexis,
772 1471 839 1531 post
864 1478 961 1515 unum·

87 1525 169 1597 terra.
193 1516 300 1573 Panem
307 1529 434 1602 uostmru
441 1538 511 1592 quo·
571 1532 721 1604 quodque'
741 1532 915 1587 Mandatum
944 1546 978 1585 a·

88 1585 456 1644 udrauumdanobishodre.
469 1592 510 1646 Et
572 1605 637 1658 Deo
672 1602 880 1670 indulgentiam
913 1618 961 1671 pro

88 1655 197 1710 dimitte
206 1658 288 1712 nObiS
298 1660 394 1712 debita
403 1672 508 1728 nostra,
571 1674 724 1727 violatione
745 1674 873 1743 ejusdem
895 1683 960 1726 tem.

88 1726 166 1780 Sicut
178 1737 206 1780 et
217 1744 270 1782 nos
283 1729 448 1784 dimittimus
461 1732 509 1785 de·
570 1762 639 1814 pore
647 1745 800 1814 praeterito,
808 1754 837 1797 et
844 1745 961 1812 gratiam

88 1797 340 1853 bitoribusnostris.
366 1801 404 1854 Et
412 1817 448 1854 ne
456 1818 508 1856 nos
571 1816 741 1884 qua1egem
763 1815 915 1869 observent
933 1815 960 1866 in

87 1867 509 1936 inducasintentationem38ed
570 1886 673 1953 futuro,
694 1886 724 1938 in
744 1885 821 1939 hunc
845 1887 960 1940 modum

86 1937 175 1991 libera
197 1955 250 1992 nos
271 1956 289 1992 a
313 1940 406 1995 malo:
435 1941 509 2009 Quia
571 1957 704 2026 postulet„

87 2018 164 2060 tuum
178 2018 220 2062 est
232 2025 357 2077 regnum,
371 2012 508 2078 Potentia,
572 2062 704 2117 Minister
756 2061 883 2115 Locutus
918 2064 958 2108 est

86 2087 114 2130 et
133 2078 237 2145 Gloria,
251 2080 285 2132 ln
303 2081 407 2134 saecula
421 2098 507 2135 saecu·
952 2142 959 2155 ‚

86 2148 175 2201 lorum
219 2151 311 2204 Amen
539 2123 618 2176 Deus
626 2125 959 2178 cunctossetmoneshos.

176 2187 183 2202 ’
312 2190 320 2205 ⁰
536 2206 601 2260 Ego
625 2209 688 2246 sum
712 2193 854 2248 Dominus
882 2195 959 2248 Deus

242 2295 340 2348 Oratio
537 2270 622 2316 tuus:
656 2278 714 2316 non
736 2263 857 2318 habebis
882 2266 959 2319 Deos

342 2332 349 2345 ⁸
538 2332 754 2387 alienoscoram
766 2350 819 2386 me.

154 2397 394 2454 MNIPOTENS
418 2401 505 2467 Deus,
571 2413 703 2483 Populus,
734 2404 867 2472 Domine,
876 2403 959 2458 mise·

188 2468 232 2520 cui
242 2484 325 2522 omne
334 2486 384 2522 cor
392 2479 469 2538 patet
478 2479 505 2523 et
536 2488 596 2525 rere
608 2472 706 2537 nostri,
718 2482 746 2526 et
758 2473 847 2527 corda
863 2483 960 2527 nostra

85 2537 176 2590 omnis
193 2537 323 2591 voluntas
334 2539 464 2608 loquitur,
477 2549 505 2593 et
536 2541 573 2594 ad
591 2543 759 2595 servandam
777 2543 852 2597 hanc
867 2544 959 2612 legem

84 2607 504 2676 quemnullumlatetsecretum:
536 2610 647 2665 inclina

84 2677 205 2730 Purifica
246 2694 296 2746 per
336 2678 504 2732 infusionem
571 2690 709 2746 Minister,
736 2682 899 2737 Nonracies
909 2681 959 2738 tibi

84 2746 181 2799 Sancti
192 2747 310 2815 Spiritus
319 2749 503 2817 cogitationes
535 2751 672 2820 sculptile,
683 2767 775 2820 neque
790 2769 905 2806 omnem
913 2753 958 2811 ¹si-

82 2816 174 2869 cordis
186 2817 282 2883 nostri,
295 2828 326 2871 ut
337 2828 366 2872 te
382 2819 503 2887 perfecte
534 2820 721 2875 militudinem
728 2837 792 2891 quae
800 2832 844 2876 est
852 2823 959 2877 incoelo

82 2885 204 2952 diligere,
214 2896 242 2939 et
251 2897 379 2941 sanctum
390 2890 504 2942 Nomen
535 2890 664 2959 desuper,
687 2900 715 2944 et
739 2907 803 2960 quae
828 2892 858 2945 in
885 2902 959 2946 terra

81 2965 160 3008 tuum
179 2955 263 3022 digne
281 2957 396 3012 laudare
415 2975 503 3012 mere·
534 2960 675 3028 deorsum,
694 2977 747 3014 nec
772 2977 870 3015 eorum
895 2979 958 3033 quae

80 3040 167 3077 amur.
207 3026 260 3078 Per
280 3026 423 3080 Christum
444 3030 502 3081 Do·
534 3038 598 3082 sunt
623 3030 651 3082 in
681 3030 763 3100 aquis
793 3032 847 3086 sub
876 3042 958 3087 terra.

79 3093 187 3146 minum
199 3106 333 3150 nostrum
364 3098 466 3151 Amen.
536 3099 602 3152 Non
629 3098 761 3154 adorabis
792 3116 836 3170 ea,
866 3118 960 3174 neque

50 3157 53 3183 ³
139 3162 191 3231 40⁸
