2092 3450
312 154 384 209 utun
403 155 496 210 snm
514 157 715 212 Cannutium.

66 309 103 363 ad
124 310 293 363 servandam
309 311 384 364 hanc
401 309 493 379 legem
564 309 693 377 Populus.
731 310 951 379 Domine,mise·

65 379 178 432 inclina.
523 396 583 433 rere
595 379 692 447 nostri,
706 390 734 434 et
750 381 836 434 corda
854 393 951 436 nostra

110 448 248 501 Minister.
279 450 345 502 Non
363 465 492 503 assumes
523 449 560 502 ad
582 451 750 503 servandam
767 451 842 505 hanc
859 452 950 520 legem

66 519 180 573 Nomen
199 519 315 572 Domini
335 519 389 573 Dei
407 519 448 573 tui
462 519 492 572 in
523 519 634 573 inclina.

64 605 185 642 vanum:
206 605 259 642 nec
281 589 356 642 enim
376 589 492 643 habebit
563 586 700 639 Minister.
738 591 804 643 Non
817 590 937 645 occides.

65 658 207 713 insontem
221 659 361 712 Dominus
371 675 435 712 eum
444 659 492 728 qui
564 658 694 724 Populus.
729 660 859 728 Domine,
867 661 949 715 mise-

63 728 247 798 assumpserit
256 730 367 782 Nomen
376 728 492 782 Domini
522 745 583 782 rere
600 728 697 795 nostri,
711 738 738 782 et
755 731 841 783 corda
852 741 950 785 nostra

66 797 120 852 Dei
132 798 177 853 sui
188 797 298 853 frustra
523 798 560 851 ad
579 799 747 852 servandam
764 800 838 853 hanc
857 801 949 869 legem

109 861 242 929 P0pulus·
269 867 400 936 Domine,
409 868 492 922 mise-
522 868 634 922 inclina.

63 954 124 992 rere
134 936 233 1005 nostri,
246 947 274 992 et
291 938 377 992 eorda
394 947 492 992 nostra
564 937 700 990 Minister.
733 939 800 992 Non
823 942 948 995 moecha·

63 1008 101 1061 ad
122 1008 291 1061 servandam
308 1009 383 1061 hanc
401 1008 491 1077 legem
521 1005 604 1061 beris.

63 1077 180 1150 inclina.⁸
565 1069 694 1137 Populus·
726 1078 857 1147 Domine,
865 1081 948 1134 mise-

108 1140 249 1194 Mlmsicr-
285 1147 430 1201 Memento
459 1157 490 1202 ut
520 1163 581 1200 rere
592 1146 689 1214 nostri,
702 1156 729 1201 et
748 1149 834 1201 corda
851 1160 948 1204 nostra

62 1216 140 1271 diem
172 1217 289 1271 Sabbati
323 1217 488 1271 sanctifices.
521 1216 558 1269 ad
577 1217 745 1271 servandam
762 1218 836 1272 hanc
856 1220 947 1288 legem

64 1287 121 1342 Sex
144 1287 243 1341 diebus
271 1286 439 1356 operaberis,
463 1297 490 1341 et
520 1285 633 1360 inclina

61 1355 150 1411 iacies
185 1356 282 1410 omnia
313 1373 398 1426 opera
426 1367 489 1422 tua;
564 1351 702 1404 Mlmster-
743 1358 810 1411 Non
842 1358 946 1413 furtum

62 1427 184 1497 septimo
204 1436 298 1480 autem
317 1427 363 1481 die
382 1426 489 1480 Sabba-
519 1423 613 1479 facies.

61 1506 123 1551 tum
148 1495 263 1550 Domini
289 1497 343 1550 Dei
373 1497 413 1550 tui
438 1506 487 1550 est.
564 1488 694 1555 ΡΟΡΗῙΗΞ·
723 1497 943 1565 Domine,mise·

63 1568 131 1620 Non
151 1565 238 1620 facies
260 1582 344 1620 omne
367 1582 438 1635 opus
459 1567 488 1620 in
518 1580 579 1618 rere
596 1565 693 1632 nostri,
706 1576 734 1620 et
746 1567 832 1620 corda
849 1578 947 1621 nostra

61 1653 105 1704 eo,
117 1645 156 1704 tu,
170 1646 197 1690 et
209 1636 282 1689 filius
300 1645 373 1703 tuus,
386 1645 413 1689 et
431 1635 488 1689 filia
519 1635 557 1687 ad
577 1637 744 1690 servandam
761 1638 835 1691 hanc
854 1638 946 1706 legem

59 1716 118 1774 tua,
136 1722 233 1760 servus
251 1715 324 1774 tuus,
341 1715 368 1759 et
386 1706 489 1759 ancilla
519 1704 630 1778 inclina.

59 1785 119 1843 tua,
148 1775 308 1845 jumentum
341 1785 428 1843 tuum,
459 1786 488 1830 et
562 1769 699 1824 Minister.
734 1777 801 1829 Non
823 1776 945 1845 loqueris

59 1846 172 1900 advena
182 1846 230 1915 qui
242 1854 285 1899 est
301 1844 375 1898 intra
391 1854 487 1915 portas
519 1854 618 1898 contra
629 1845 786 1914 proximum
798 1855 877 1899 tuum
895 1846 946 1900 fal·

58 1925 131 1969 tuas.
157 1916 213 1970 Sex
222 1915 298 1970 enirn
310 1915 409 1970 diebus
421 1915 487 1970 fecit
520 1931 583 1968 sum
594 1915 791 1968 testimonium.

59 1984 202 2039 Dominus
214 1986 317 2040 coelum
331 1994 360 2039 et
374 1996 487 2051 terram,
564 1976 583 2026 P
585 1977 690 2043 opulus.
724 1983 854 2052 Domine,
862 1985 945 2040 mise-

57 2064 86 2110 et
106 2072 194 2123 mare,
212 2064 240 2110 et
261 2055 357 2109 omnia
374 2072 438 2125 quae
456 2056 487 2109 in
518 2069 579 2106 rere
596 2053 693 2119 nostri,
705 2063 733 2107 et
745 2055 831 2108 corda
848 2065 946 2110 nostra

57 2125 99 2180 eis
111 2134 186 2193 sunt,
197 2135 226 2180 et
240 2125 375 2196 requievit
392 2126 422 2179 in
440 2125 486 2179 die
519 2123 556 2176 ad
576 2123 743 2177 servandam
760 2124 834 2178 hane
853 2126 944 2195 legem

57 2194 199 2265 septimo:
220 2195 325 2249 idcirco
343 2195 486 2249 benedixit
518 2192 630 2247 inclina.

59 2266 202 2320 Dominus
225 2265 281 2319 diei
307 2264 433 2333 Sabbati,
457 2274 485 2318 et
560 2263 697 2318 Minister.
735 2264 945 2335 Nonconcupi·

56 2334 245 2390 sanctificavit
257 2351 328 2389 eum.
518 2348 579 2385 sees
587 2332 702 2385 domum
711 2334 829 2402 proximi
838 2336 944 2404 tui,nec

104 2404 234 2473 Populus
262 2404 392 2471 Domine,
401 2403 484 2479 mise·
517 2401 690 2456 desiderabis
726 2420 840 2458 uxorem
876 2406 943 2474 ejus,

55 2490 118 2529 rere
128 2474 227 2542 nostri,
239 2483 267 2528 et
285 2475 371 2528 corda
388 2482 485 2527 nostra
517 2488 574 2525 non
592 2488 713 2540 servum,
729 2491 787 2527 non
804 2475 944 2544 ancillam,

57 2544 94 2598 ad
115 2544 284 2599 servandam
301 2545 375 2597 hanc
393 2544 485 2612 legem
517 2557 575 2597 non
602 2541 712 2610 bovem,
737 2560 794 2597 non
824 2545 943 2612 asinum,

57 2613 170 2669 inclina.
517 2627 570 2665 nec
583 2612 679 2666 omnia
690 2629 754 2682 quae
767 2613 839 2666 illius
853 2624 925 2668 sunt.

96 2682 234 2737 Minister.
252 2684 484 2752 Honorapatrem
558 2675 687 2743 Populus·
723 2683 853 2750 Domine,
861 2685 943 2736 mise-

56 2763 136 2808 tuum
155 2763 184 2809 et
204 2763 324 2808 matrem
340 2761 433 2818 tuam3
453 2763 484 2806 ut
516 2767 577 2805 rere
600 2751 698 2817 nostri,
720 2761 747 2804 et
771 2753 823 2805 has
845 2768 943 2806 omnes

57 2823 97 2878 sis
112 2824 259 2892 longaevus
277 2831 483 2892 superterram,
516 2820 593 2902 leges
605 2830 669 2874 tuas
682 2822 711 2874 in
729 2821 860 2874 cordibus
878 2839 944 2876 nos-

75 2908 143 3017 ugm
161 2893 302 3017 [gominus
322 2894 401 2947 Deus
419 2902 483 2946 tuus
516 2900 576 2960 tris,
587 2907 757 2960 quaesumus,
770 2891 915 2946 inscribas.

113 2964 136 3018 it
147 2963 207 3018 tii.

121 3185 167 3237 ¹43
