2092 3450
80 153 186 202 Dies-l·
480 153 590 222 linunt.
836 165 883 214 Ad
895 157 960 228 Vesp.

80 323 413 388 titiatuapropterinimicos
421 317 507 373 meos:
538 325 603 372 vabo
611 337 656 387 per
664 322 771 386 singulas¹
779 321 965 371 noctes'lectum

80 388 160 452 dirige
180 388 207 437 in
226 396 360 454 conspectu
378 396 422 438 tuo
440 389 507 437 viam
539 404 622 436 meum
638 387 769 450 :lacrymis
785 387 847 435 meis
863 392 966 435 stratum

80 468 169 502 meam.
539 467 623 502 meum
633 451 727 514 rigabo.

114 515 239 580 Quoniam
251 532 303 566 non
319 523 355 566 est
371 516 398 566 in
413 533 457 566 ore
467 533 508 566 eo·
572 517 696 564 Turbatus
713 522 749 564 est
760 531 775 563 a
786 515 867 563 surore
881 513 967 563 oculus

80 581 136 630 rum'
146 581 235 631 veritas
250 597 310 631 :cor
321 597 406 630 eorum
416 596 508 630 vanum
540 596 609 629 meus
628 598 634 628 z
651 580 784 629 inveteravi
801 581 865 628 inter
881 585 967 627 omne's

81 654 124 694 est.
539 645 653 694 inimicos
664 660 740 693 meos.

114 709 278 773 Sepulchrum
296 716 384 774 patens
403 716 440 759 est
491 717 509 758 t·
572 709 700 757 Discedite
719 724 734 756 a
753 724 794 757 me
815 723 901 756 omnes
924 707 966 771 qui

80 781 231 834 tureorum3
248 774 338 838 linguis
355 774 406 823 suis
423 774 509 823 doose
539 774 676 836 operamini
703 773 858 836 iniquitatem
879 789 885 821 :
906 788 966 837 quo·

80 839 187 902 agebant
202 838 303 902 :judica
312 839 376 898 illos,
391 838 467 887 Deus.
539 838 607 885 niam
616 838 740 886 exaudivit
748 837 871 886 Dominus
880 852 966 885 vocem

114 903 239 952 Decidant
270 919 286 951 a
317 903 509 966 cogitationibus
540 902 612 950 fletus
623 901 679 950 mei.
713 905 716 911 ’

80 967 146 1027 suis3
168 967 303 1016 secundum
325 967 509 1016 multitudinem
573 966 707 1014 Exaudivit
718 965 840 1014 Dominus
851 965 966 1028 depreca-

80 1031 236 1094 impietatum
245 1047 328 1080 eorum
341 1031 437 1095 expelle
447 1046 508 1080 eos:
539 1030 632 1079 tionem
649 1045 731 1078 meam
750 1047 756 1077 r
774 1029 897 1078 Dominus
914 1045 966 1078 ora-

80 1095 199 1159 quoniam
221 1095 376 1145 irritaverunt
397 1105 430 1155 te,
455 1096 508 1144 Do·
540 1095 633 1143 tionem
643 1110 725 1143 meam
737 1094 850 1157 suscepit.

81 1160 155 1208 mine
488 1196 490 1201 ,
572 1159 725 1207 Erubescant
747 1167 770 1207 et
791 1158 967 1206 conturbentur

114 1223 148 1272 Et
164 1223 277 1272 laetentur
288 1240 380 1283 omnes,
395 1222 437 1288 qui
454 1239 508 1287 spe·
539 1223 697 1271 vehementer
705 1238 789 1271 omnes
799 1222 893 1270 inimici
901 1222 967 1270 mei:

80 1295 136 1336 rant
151 1287 178 1336 in
193 1296 219 1336 te
234 1289 277 1337 :in
293 1297 412 1337 aeternum
429 1289 507 1337 exsul·
539 1295 712 1336 convertantur
723 1294 748 1335 et
761 1287 905 1335 erubescant
916 1286 966 1333 val·

80 1353 176 1411 tabunt,
191 1359 216 1401 et
226 1352 350 1402 habitabis
361 1353 387 1400 in
398 1353 440 1401 eis.
538 1353 571 1400 de
582 1351 704 1401 velociter.

113 1416 147 1464 Et
158 1416 329 1480 gloriabuntur
339 1416 366 1464 in
381 1424 407 1466 te
423 1432 508 1466 omnes

80 1480 123 1544 qui
150 1481 257 1544 diligunt
284 1481 386 1530 Nomen
412 1488 482 1529 tuum
502 1498 508 1529 ε
652 1503 848 1553 PSALMUSVII

81 1545 200 1609 quoniam
211 1553 238 1593 tu
248 1545 379 1594 benedices
387 1544 461 1608 justo.
849 1541 856 1553 ‘

113 1609 231 1668 Domine,
247 1607 275 1657 ut
291 1617 360 1658 scuto
376 1609 449 1658 bonae
464 1625 507 1658 vo·
605 1603 725 1655 OMINE
738 1604 807 1653 Deus
818 1619 895 1663 meus,
907 1605 932 1652 in
944 1611 968 1652 te

80 1674 183 1722 luntatis
194 1680 243 1723 tuae
258 1674 399 1723 :coronasti
409 1689 461 1723 nos.
636 1669 731 1732 speravi
747 1669 860 1718 :salvum
877 1685 917 1717 me
930 1669 968 1716 fac

541 1749 571 1782 ex
581 1735 696 1782 omnibus
704 1734 907 1798 persequentibus
917 1747 965 1792 me,

541 1797 654 1846 etlibera
665 1813 711 1846 me.

121 1856 192 1907 DIES
204 1859 225 1908 1.
262 1857 302 1913 Db
314 1856 445 1927 Hesperus.
572 1862 715 1927 Nequando
731 1861 810 1925 rapiat
821 1868 849 1910 ut
860 1860 900 1910 leo
917 1862 968 1936 ani:

200 1967 387 2017 isimon.
540 1926 969 2055 murmtedtrtttrltt

147 2053 275 2116 OMINE,
289 2071 321 2105 ne
337 2056 363 2104 in
374 2055 456 2105 furore
466 2063 509 2105 tuo
541 2055 596 2104 ciat.

169 2135 257 2182 arguas
272 2136 313 2169 me
327 2137 333 2170 ι
345 2136 425 2185 neque
436 2120 463 2169 in
473 2120 510 2168 ira
573 2118 682 2167 Domine
699 2119 768 2168 Deus
786 2135 862 2177 meus,
882 2119 903 2168 si
922 2119 969 2167 feci

82 2190 125 2232 tua
136 2184 254 2248 corripias
264 2200 312 2233 me.
540 2183 606 2232 istud
619 2200 625 2232 z
636 2183 657 2232 si
668 2190 705 2232 est
715 2183 831 2248 iniquitas
848 2184 873 2232 in
890 2184 968 2232 mani·

114 2247 234 2297 Miserere
246 2250 303 2307 mei,
318 2249 434 2307 Domine,
449 2264 509 2312 quo·
540 2249 587 2296 bus
597 2248 666 2296 meis.

81 2312 150 2360 niam
166 2312 277 2362 infirmus
296 2329 350 2362 sum
365 2328 443 2362 :sana
459 2329 506 2372 me,
574 2311 602 2361 si
639 2312 736 2360 reddidi
778 2313 969 2361 retribuentibus
1023 2322 1025 2327 '

83 2375 200 2435 Domine,
225 2378 343 2442 quoniam
365 2378 510 2426 conturbata
540 2376 603 2425 mihi
612 2377 825 2425 mala:decidam
837 2378 925 2426 merito
937 2377 969 2425 ab

82 2448 139 2489 sunt
150 2456 207 2490 ossa
217 2457 279 2490 mea.
541 2440 647 2490 inimicis
658 2441 720 2490 meis
730 2442 819 2490 inanis.

116 2505 150 2554 Et
171 2505 255 2553 anima
275 2522 332 2555 mea
354 2506 452 2554 turbata
474 2513 510 2555 est
575 2505 738 2569 Persequatur
770 2506 884 2554 inimicus
918 2505 969 2553 ani-

82 2569 156 2617 valde
170 2571 232 2619 :sed
242 2577 277 2630 tu,
292 2571 408 2631 Domine,
422 2586 510 2635 usque-
541 2585 608 2617 mam
624 2585 706 2618 meam
723 2578 747 2619 et
766 2570 966 2633 comprehendat,

82 2635 153 2698 quo?
542 2640 567 2682 et
596 2635 722 2683 conculcet
750 2635 776 2682 in
804 2641 867 2682 terra
892 2635 969 2681 vitam

115 2697 273 2760 Convertere,
283 2699 399 2760 Domine,
411 2706 436 2749 et
444 2700 478 2748 eri
498 2715 511 2748 e
541 2714 623 2747 meam
646 2717 652 2747 :
672 2706 697 2747 et
715 2698 820 2761 gloriam
842 2713 924 2745 meam
944 2698 970 2746 in

82 2763 191 2812 animam
202 2778 284 2812 meam
297 2781 303 2812 τ
314 2765 410 2813 salvum
420 2780 461 2813 me
482 2779 511 2813 ac
541 2763 667 2827 pulverem
679 2763 791 2811 deducat.

82 2834 185 2891 propter
194 2828 387 2877 misericordiam
399 2838 473 2878 tuam.
575 2829 686 2890 Exsurge
697 2828 806 2876 Domine
817 2826 843 2875 in
859 2827 895 2874 ira
906 2834 948 2875 tua
964 2845 969 2875 :

116 2891 242 2954 Quoniam
264 2909 315 2942 non
337 2895 415 2942 estin
431 2900 511 2942 morte
541 2900 566 2941 et
583 2893 690 2941 exaltare
705 2891 732 2940 in
749 2890 839 2940 finibus
858 2891 969 2940 inimieo-

82 2958 127 3021 qui
142 2973 238 3007 memor
253 2959 285 3008 sit
301 2959 336 3006 tui
351 2977 357 3007 ε
373 2958 398 3006 in
415 2958 511 3006 insemo
541 2973 596 3005 rum
606 2971 725 3005 meorum.

83 3029 166 3083 autem
177 3023 232 3087 quis
243 3022 399 3085 confitebitur
409 3022 473 3071 tibi?
574 3022 608 3069 Et
638 3036 740 3083 exsurge
766 3020 876 3070 Domine
902 3021 970 3069 Deus

81 3119 84 3123 Δ
116 3086 381 3151 Laboraviingemitu
397 3102 461 3147 meo,
475 3087 509 3134 la·
541 3101 610 3134 meus
626 3085 653 3134 in
670 3092 794 3150 praecepto
813 3086 885 3150 quocl
901 3100 975 3131 man·

148 3163 195 3213 2¹7
