2092 3450
15 40 22 99 l

10 182 23 227 ι
70 175 127 221 Dies
139 175 245 225 XVIII.
452 175 563 240 limini.
824 183 869 230 Ad
878 181 941 231 Mat.

18 304 22 337 :
97 318 171 367 Dicet
204 319 321 378 Domino,
355 319 489 383 Susceptor
553 317 720 382 Longitudinc
735 317 830 367 dierum
846 318 947 380 replebo

65 398 133 432 meus
144 399 170 432 es
178 390 213 444 tu,
224 390 249 432 et
258 383 378 447 refugium
387 398 488 432 meum:
521 398 577 432 cum
592 402 598 432 ε
610 389 635 432 et
646 381 775 432 ostendam
787 382 824 431 illi
841 382 947 432 salutare

65 447 135 497 Deus
145 462 223 507 meus,
237 448 341 512 sperabo
352 448 378 496 in
389 463 453 498 eum.
521 464 611 497 meum.

96 510 223 575 Quoniam
241 512 295 576 ipse
316 512 428 562 liberavit
448 527 502 570 mel

63 575 95 624 de
104 576 211 689 blaqueo
231 577 374 626 venantium
399 592 405 626 :
428 583 452 625 et
474 592 489 624 a
618 593 747 641 psum
766 591 850 642 XCII·

63 655 179 769 verScupu
190 655 292 754 graffiis
331 705 489 754 obumbrabit
578 706 686 756 ONUM
694 713 731 755 est
740 703 851 754 confiteri
860 705 948 754 Domi-

10 812 24 829 J
63 768 109 817 tibi
119 775 159 818 :et
167 769 213 817 sub
221 768 486 833 pennisejussperabis.
609 786 644 819 no
661 788 666 819 :
681 778 706 819 et
722 769 827 834 psallere
843 769 947 819 Nomini

96 832 175 882 Scuto
188 832 349 882 circumdabit
365 840 390 882 te
400 833 490 882 veritas
521 841 571 893 tuo,
587 834 732 894 Altissime;

64 896 116 959 ejus
141 913 148 947 z
168 913 219 946 non
240 897 339 946 timebis
361 913 376 945 a
402 898 490 946 timore
553 899 595 947 Ad
607 899 802 947 annuntiandum
816 914 889 948 mane
900 898 945 946 mi·

64 969 193 1020 uoctumo,
521 963 677 1012 sericordiam
689 970 757 1012 tuam
768 979 773 1012 :
784 971 807 1012 et
819 964 946 1012 veritatem

96 1027 122 1074 Α
141 1026 232 1090 sagitta
248 1026 347 1075 volante
366 1026 392 1075 in
410 1027 458 1083 die,
475 1042 490 1074 a
520 1035 588 1076 tuam
599 1034 759 1090 pernoctem.

63 1091 165 1152 negotio
178 1090 364 1154 perambulante
380 1091 406 1139 in
422 1097 489 1139 tene·
553 1092 583 1139 In
591 1091 744 1140 decachordo
751 1092 948 1155 psalterio:cum

63 1154 114 1202 bris
129 1172 135 1202 :
153 1155 185 1203 ab
201 1155 307 1215 incursu,
326 1162 350 1203 et
366 1155 490 1204 daemonio
521 1155 624 1216 cantico,
638 1156 665 1204 in
676 1155 776 1206 cithara.

64 1218 210 1267 meridiano.
554 1220 619 1282 Quia
630 1219 757 1268 delectasti
768 1236 816 1279 mc,
828 1220 944 1278 Domine,

96 1282 196 1332 Cadent
207 1282 306 1332 alatere
318 1289 362 1331 tuo
378 1283 454 1342 mille,
466 1290 490 1332 et
520 1284 547 1332 in
563 1284 657 1333 factura
673 1291 716 1332 tua
730 1292 773 1333 :et
789 1287 815 1333 in
832 1284 948 1348 open‘bus

10 1365 21 1383 ι
64 1347 151 1396 decem
161 1347 367 1397 milliaadextris
378 1349 426 1397 tuis
441 1347 491 1400 :ad
520 1363 639 1397 manuum
650 1355 747 1396 tuarum
758 1347 892 1398 exsultabo.

63 1419 88 1460 te
99 1418 183 1460 autern
193 1427 244 1461 non
255 1411 470 1476 appropinquabit.
554 1413 636 1475 Quam
643 1411 800 1476 magnificata
808 1420 864 1461 sunt
873 1429 948 1476 opera

96 1476 274 1525 Verumtamen
285 1477 363 1525 oculis
374 1477 422 1525 tuis
434 1491 490 1525 con·
521 1484 571 1535 tua,
587 1477 695 1525 Domine
710 1477 801 1526 :nimis
817 1476 947 1541 profundae

63 1539 183 1589 siderabis
193 1557 200 1589 z
209 1547 233 1589 ct
241 1541 427 1589 retributionem
434 1555 490 1604 pec·
522 1542 593 1590 iactae
603 1548 661 1590 sunt
672 1541 834 1604 cogitationes
845 1548 901 1590 tuae.

63 1611 175 1653 catorum
186 1604 289 1653 videbis.
555 1605 600 1654 Vir
610 1605 728 1669 insipiens
738 1621 790 1654 non
799 1613 930 1670 cognoscet
941 1623 948 1654 ε

96 1667 223 1732 Quoniam
230 1675 299 1727 tues,
310 1669 425 1728 Domine,
436 1685 491 1733 spes
522 1676 546 1718 et
557 1669 644 1718 stultus
655 1685 707 1718 non
717 1670 838 1733 intelliget
849 1670 909 1719 haec.

63 1747 120 1780 mea
135 1748 142 1782 ε
160 1733 317 1782 Altissimum
334 1733 438 1797 posuisti
454 1750 489 1782 re·
555 1733 619 1783 Cum
626 1734 703 1782 exorti
712 1733 948 1798 suerintpeccatores

64 1796 159 1860 sugium
169 1803 247 1845 tuum.
522 1798 583 1846 sicut
603 1797 697 1846 soenum
719 1815 725 1847 :
745 1805 770 1846 et
789 1798 947 1862 apparuerint

96 1861 158 1910 Non
172 1861 272 1910 accedet
289 1863 320 1911 ad
338 1869 362 1910 te
378 1861 485 1911 malum:
522 1877 607 1911 omnes
624 1863 667 1926 qui
685 1869 818 1926 operantur
833 1863 947 1927 iniquita·

64 1932 88 1974 et
98 1924 226 1988 flagellum
241 1941 292 1974 non
308 1927 490 1990 appropinqua·
522 1934 589 1975 tem:

64 1989 100 2037 bit
112 1990 272 2039 tabernaculo
283 1997 333 2039 tuo.
555 1991 591 2040 Ut
602 1990 722 2039 intereant
734 1991 760 2038 in
771 1991 887 2039 saeculum
903 2007 947 2039 sae-

97 2052 223 2117 Quoniam
241 2054 334 2117 angelis
352 2055 403 2103 suis
420 2070 489 2103 man·
521 2054 569 2103 culi
589 2062 639 2102 :tu
656 2062 738 2103 autem
758 2054 901 2104 Altissimus
921 2056 947 2104 in

63 2117 132 2167 davit
152 2118 184 2167 de
201 2125 226 2166 te
243 2134 249 2167 :
265 2127 293 2167 ut
309 2119 448 2168 custodiant
465 2126 489 2168 te
521 2127 646 2179 aeternum,
661 2119 777 2168 Domine.

63 2185 89 2230 in
100 2183 217 2232 omnibus
227 2183 273 2232 viis
284 2183 340 2232 tuis.
554 2184 679 2246 Quoniam
701 2197 758 2232 ecce
784 2183 877 2232 inimici
900 2185 945 2242 tui,

95 2247 128 2295 In
138 2247 252 2295 manibus
263 2248 397 2310 portabunt
408 2254 433 2296 tc
442 2263 448 2296 t
458 2263 489 2296 ne
521 2248 637 2306 Domine,
651 2248 769 2312 quoniam
784 2263 841 2297 ecce
854 2247 948 2296 inimici

63 2309 489 2376 sorteoffendasadlapidempedem
520 2312 557 2360 tui
575 2312 691 2376 peribunt
711 2329 717 2360 ε
734 2319 759 2361 et
778 2311 948 2376 dispergentur

64 2384 142 2426 tuum.
520 2376 664 2441 omnesqui
681 2384 813 2439 operantur
831 2377 947 2440 iniquita-

97 2439 179 2504 Super
189 2440 300 2504 aspidem
312 2447 338 2489 et
347 2440 488 2489 basiliscum
521 2448 578 2489 tem.

10 2546 13 2565 ,
64 2503 221 2554 ambulabis:
235 2511 259 2553 ct
270 2504 425 2554 conculcabis
439 2505 489 2553 leo-
553 2505 587 2553 Et
597 2503 743 2553 exaltabitur
752 2504 814 2553 sicut
823 2505 947 2552 unicornis

10 2568 12 2573 '
63 2581 121 2615 nem
133 2575 158 2617 et
169 2568 308 2618 draconem.
520 2584 596 2617 cornu
606 2584 689 2617 meum
705 2575 747 2617 :et
763 2576 875 2617 senectus
891 2584 947 2616 mea

96 2631 222 2694 Quoniam
249 2633 276 2681 in
302 2649 343 2682 me
372 2634 486 2698 speravit,
519 2633 546 2681 in
556 2632 724 2682 misericordia
734 2633 810 2681 uberi.

63 2695 175 2744 liberabo
187 2711 257 2746 eum:
276 2705 404 2762 protegam
421 2713 486 2756 eum,
552 2698 586 2746 Et
596 2696 708 2761 despexit
719 2695 803 2744 oculus
815 2711 884 2743 meus
898 2696 944 2743 ini-

62 2761 181 2824 quoniam
225 2762 340 2824 cognovit
388 2762 489 2811 Nomen
519 2761 596 2811 micos
612 2776 681 2810 meos
696 2769 739 2809 :et
755 2760 782 2808 in
797 2760 945 2822 insurgenti·

63 2840 154 2874 meum.
519 2826 565 2874 bus
576 2825 653 2874 inme
661 2823 854 2887 malignantibus
863 2823 946 2873 audiet

96 2888 222 2939 Clamabit
238 2889 271 2938 ad
287 2906 334 2949 mc,
349 2898 373 2940 et
390 2906 437 2953 ego
448 2906 488 2939 ex·
519 2890 583 2939 auris
594 2904 656 2938 mea.

62 2953 231 3002 audiameum
246 2955 488 3018 :cumipsosumin
549 2955 634 3018 Justus
661 2959 688 3000 ut
715 2951 799 3014 palma
828 2950 944 3001 florebit:

62 3018 222 3067 tribulatione
231 3036 238 3079 ;
255 3018 358 3083 eripiam
377 3034 441 3079 eum,
464 3027 489 3069 et
518 3018 581 3067 sicut
592 3017 678 3066 cedrus
691 3016 781 3065 Libani
797 3015 944 3080 multiplica·

10 3082 15 3169 J
61 3081 208 3146 glorificabo
219 3099 283 3133 eum
518 3083 591 3132 bitur.

128 3157 176 3200 277
