2092 3450
91 179 152 229 Dies
162 183 184 231 I.
477 190 587 260 {saltu
849 204 890 250 Aa

119 335 186 386 Cum
205 335 320 386 exarserit
339 335 366 383 in
387 333 484 384 brevi
477 351 514 384 ιιι
545 351 600 411 quae
611 335 715 384 dicitis'
708 351 735 384 ιιι
749 336 891 384 cordibusv

87 400 158 463 ejus.
166 401 233 450 beati
241 415 327 450 omnes
335 415 378 464 qur
370 398 514 449 confidunt
545 400 835 449 etincubilibusvestris
854 415 890 449 cor

86 465 161 515 ineo.
545 465 638 528 giminn

205 565 334 614 PSALMUS
346 528 396 614 H‘I
579 528 720 578 Sacrificate
739 528 885 577 sacrificium

547 593 593 652 tiae,
619 601 644 642 et
665 600 761 656 sperate
782 595 809 641 in
832 594 890 642 Don

86 647 296 783 ΒΟΜΙΝΕ,Ι
272 655 349 720 ,quid
357 654 514 719 multiplicati
543 657 615 705 multi
626 657 718 718 dicunt,
733 657 890 719 Quisostenc'

183 728 239 768 sunt
272 720 298 768 ui
317 719 436 768 tribulant
453 721 514 768 me?
543 722 679 770 bisbonat

86 783 175 833 multi'
168 736 297 846 msurgtint
307 784 437 832 adversum
448 799 494 832 me.
576 785 706 861 Signatum
713 792 750 834 est
757 801 882 848 supernos

119 848 195 896 Multi
216 848 302 896 dicunt
321 848 411 897 animae
429 863 513 896 meae:
544 852 625 898 vultus
652 851 696 909 tui,
722 850 860 899 Domine:
882 866 890 899 ι

87 911 147 961 Non
159 919 196 960 est
206 912 289 961 salus
283 913 330 976 rpsi
341 913 368 960 in
379 911 468 961 Deo
447 928 506 975 eJus.
544 914 673 963 laetitiam
667 931 694 962 m
704 915 779 962 corde
789 930 854 963 meo

118 977 158 1025 Tu
165 984 256 1036 autem,
263 977 380 1035 Domme,
388 988 514 1040 susceptor
578 979 602 1026 A
622 979 702 1026 fructu
723 978 890 1038 frumenti,vi

87 1055 155 1089 mens
162 1056 205 1090 es.
198 1059 205 1070 ·
214 1042 362 1104 gloriamea,
373 1048 397 1089 et
404 1042 513 1089 exaltans
546 1043 594 1091 olei
605 1043 663 1091 sui.
674 1043 831 1106 multiplicati
843 1058 888 1091 sun

86 1120 117 1153 ca
134 1112 262 1154 utmeum.
517 1127 520 1134 ¹
578 1108 608 1154 In
616 1122 676 1170 pace
684 1107 843 1171 1n1d1psum
850 1107 890 1156 dor

144 1185 188 1219 oce
204 1186 260 1219 mea
272 1170 304 1218 ad
316 1169 453 1218 Dominum
464 1168 513 1217 cla·
545 1179 569 1219 et
580 1173 737 1235 requiescam

86 1234 170 1283 mavi.
177 1241 201 1283 et
210 1235 333 1283 exaudivit
341 1235 513 1283 medemonte
578 1235 702 1298 Quoniam
714 1242 748 1294 tu,
759 1235 876 1295 Domine,

87 1307 172 1347 sancto
183 1314 235 1348 suo
315 1320 317 1322 ·
544 1298 890 1364 lariterinspe:constituisti

118 1363 174 1426 Ego
201 1363 313 1421 dormivi,
339 1370 364 1412 et
385 1368 539 1426 soporatus

86 1435 199 1476 surnzet
212 1427 341 1502 exsurrexi,
356 1427 414 1492 quia
425 1427 512 1475 Domi-
672 1445 801 1493 psmws
813 1443 844 1493 v,

86 1506 132 1539 nus
134 1491 249 1555 suscepit
260 1506 307 1539 me

118 1555 179 1604 Non
205 1556 299 1604 timebo
326 1555 404 1603 millia
425 1555 512 1618 populi
603 1552 700 1601 ERBA
721 1568 778 1600 mea
799 1552 890 1599 auribu

86 1619 259 1667 circumdantis
297 1635 373 1666 me
367 1655 372 1668 .
400 1634 509 1681 exsurge,
636 1617 697 1680 cipe,
718 1617 846 1666 Domine:
863 1617 888 1665 in

87 1683 202 1744 Domine,
216 1684 311 1732 salvum
328 1683 428 1743 mefac,
444 1684 512 1731 Deus
544 1681 676 1729 clamorem
687 1697 780 1728 meum

86 1763 161 1795 meus.
577 1745 682 1793 Intende
693 1746 747 1792 voci
759 1745 890 1803 orationis

116 1811 240 1873 Quoniam
248 1819 274 1860 tu
282 1812 420 1874 percussisti
427 1827 512 1859 omnes
546 1809 600 1857 Rex
610 1825 679 1857 meus
691 1817 715 1857 et
727 1810 795 1857 Deus
807 1825 882 1857 meus.

86 1876 242 1924 adversantes
264 1876 326 1923 mihi
345 1877 397 1924 sine
416 1891 511 1924 causa:
577 1873 702 1935 Quoniam
722 1874 754 1920 ad
772 1881 797 1921 te
813 1875 890 1921 orabo

86 1940 171 1988 dentes
182 1948 337 2003 peccatorum
350 1941 492 1988 contrivisti
544 1938 635 1986 mine:
654 1954 726 1986 mane
748 1938 890 1986 exaudies

119 2004 222 2052 Domini
240 2012 277 2053 est
293 2005 382 2053 salus:
399 2012 424 2053 et
440 2020 513 2067 super
544 2018 631 2050 meam.

86 2069 206 2132 populum
218 2076 287 2117 tuum
298 2069 438 2117 benedictio
449 2075 498 2116 tua.
577 2067 653 2114 Mane
662 2066 765 2114 adstabo
774 2067 853 2114 tibiet
844 2066 890 2114 tvi

544 2131 660 2205 quoniam
677 2147 727 2178 non
740 2132 808 2178 Deus
823 2132 890 2180 voler

204 2213 333 2261 PSALMUS
345 2212 391 2261 IV.
545 2195 622 2258 (lullat
624 2211 663 2242 em
674 2203 701 2242 tu
712 2211 744 2242 es·

577 2260 666 2322 Neque
697 2259 820 2307 habitabit
850 2259 890 2322 jux

146 2320 228 2369 UM'
222 2336 368 2379 invocarem,
389 2321 512 2369 exaudivit
503 2324 684 2398 tmalignus:
696 2339 775 2386 neque
791 2339 890 2387 perman

176 2401 217 2433 me
230 2386 298 2433 Deus
312 2385 413 2447 justitiae
429 2401 512 2433 meae:
545 2388 627 2450 injusti
639 2396 680 2435 ant
682 2404 695 2435 e
671 2388 789 2435 toculos
802 2397 864 2435 tuos.

86 2449 111 2496 in
122 2449 280 2497 tribulatione
291 2449 399 2497 dilatasti
410 2450 479 2497 mihi.
578 2452 659 2500 Odisti
676 2468 761 2500 omnes
777 2453 820 2514 qui
839 2468 890 2515 ope

118 2514 236 2562 M1serere
246 2529 315 2562 mer
324 2520 348 2561 et
359 2514 447 2562 exaudi
459 2529 511 2562 ora
545 2516 719 2579 iniquitatem:
731 2517 819 2579 perdes
831 2533 890 2564 omn

85 2578 178 2625 tionem
189 2594 277 2626 meam
544 2581 676 2643 loquuntur
687 2581 850 2628 mendacium.

116 2643 308 2691 Filiihominum
310 2657 450 2705 usquequo
457 2657 511 2704 gra·
576 2645 663 2692 Virum
687 2645 833 2706 sanguinum
857 2652 881 2693 et

85 2724 109 2753 v1
103 2707 212 2755 'cordei
227 2714 254 2754 ut
263 2707 323 2770 quid
334 2707 435 2769 diligitis
443 2708 510 2754 vani·
543 2725 597 2756 sum
619 2709 801 2756 abominabitur
822 2710 890 2756 Dom

85 2779 168 2829 tatem,
182 2779 207 2819 et
218 2771 325 2834 quaeritis
337 2770 511 2819 mendacium?
543 2789 589 2835 ego
600 2781 682 2821 autem
693 2773 719 2821 in
730 2774 888 2821 multitudine

102 2867 103 2870 =
118 2837 151 2883 Et
167 2837 253 2884 scitote
264 2836 381 2899 quoniam
398 2835 510 2883 min'fica·
543 2838 653 2885 ricordiae
665 2846 720 2886 tuae.

85 2900 119 2947 vit
135 2900 258 2948 Dominus
281 2908 392 2948 sanctum
414 2916 485 2947 suurn
504 2919 510 2947 :
575 2902 687 2950 Introibo
709 2903 734 2950 in
754 2902 857 2950 domurn
880 2910 889 2950 t

87 2965 208 3013 Dominus
217 2965 330 3013 exaudiet
342 2980 382 3012 me
394 2979 449 3012 cum
461 2965 510 3012 cla·
542 2966 650 3015 adorabo
669 2966 700 3014 ad
717 2968 837 3029 templum
857 2984 890 3015 sav

86 3043 184 3076 mavero
196 3029 227 3076 ad
239 3045 302 3077 eum
542 3038 611 3078 tuum
622 3032 647 3078 in
659 3032 747 3079 timore
759 3041 808 3080 tuo

120 3093 263 3206 Irascgmrnr,
273 3100 296 3141 et
305 3093 382 3140 nolite
390 3108 509 3156 peccare
575 3095 694 3154 Domine,
711 3096 793 3144 deduc
812 3113 853 3144 me
872 3098 890 3145 ir

144 3169 178 3206 21
