2092 3450
80 163 142 209 Dres
154 163 228 211 XXI
231 161 257 208 V.
472 157 584 222 Quinti.
846 160 889 207 Ad
899 160 961 206 Mat.
1026 234 1028 240 Ι

571 311 629 360 Vox
639 309 807 360 exsultationis
818 317 843 358 et
859 309 943 359 salutis
958 330 963 360 ι

158 396 287 446 PsALMUS
299 395 423 446 CXVIII⁸
538 376 564 425 in
576 375 738 425 tabemacuiis
746 374 874 437 justorum.

571 440 681 489 Dextera
708 438 811 487 Domini
838 439 895 487 fecit
917 440 967 486 vir··

139 500 363 551 ONFITEMINI
395 500 506 550 Domino
538 511 625 564 tutem,
638 504 738 552 dextera
750 503 854 552 Domini
873 503 964 551 exalta⁴

154 566 273 630 quoniam
280 565 362 613 bonus
373 565 506 629 rquoniam
537 569 574 618 vit
592 584 633 618 me
648 569 766 618 adextera
784 567 888 616 Domini
907 567 965 615 fecit

77 631 103 678 in
115 629 230 679 saeculum
242 629 408 678 misericordia
418 629 477 692 ejus.
537 633 660 683 virtutem.

110 695 187 744 Dicat
203 709 268 743 nunc
285 693 361 743 lsra'e'l
389 694 507 758 quoniam
571 698 631 746 Non
649 696 747 755 moriar,
762 696 805 744 sed
824 696 907 744 vivam
922 704 964 745 :et

77 761 159 808 bonus
182 758 325 823 :quoniam
342 759 369 806 in
390 758 505 807 saeculum
538 763 644 810 narrabo
655 777 731 825 opera
742 760 851 809 Domini.

77 824 245 872 misericordia
256 824 315 886 ejus.
571 826 700 889 Castigans
718 825 845 888 castigavit
854 840 895 873 me
912 823 963 873 Do-

110 889 187 936 Dicat
204 903 270 936 nunc
291 887 380 935 domus
399 887 506 936 Aaron:
538 890 620 939 minus
635 896 677 938 :et
696 889 771 938 morti
789 905 841 938 non
863 889 964 938 tradidit

77 953 197 1016 quoniam
220 952 246 1000 in
268 952 385 1000 saeculurn
413 951 506 1000 miseri·
537 970 584 1003 me.

59 1049 65 1078 5
77 1017 164 1065 cordia
175 1016 233 1079 ejus.
570 1018 673 1082 Aperite
683 1017 745 1066 mihi
759 1025 843 1080 portas
851 1017 961 1080 justitiae,

111 1081 204 1129 Dicant
219 1095 285 1128 nunc
295 1080 338 1144 qui
355 1080 443 1128 timent
455 1081 506 1128 Do·
538 1083 659 1146 ingressus
674 1082 700 1130 in
714 1097 755 1130 eas
766 1080 901 1130 confitebor
912 1081 963 1131 Do-

77 1146 174 1194 minum
188 1145 324 1208 :quoniam
344 1145 371 1192 in
391 1144 506 1193 saeculum
538 1148 606 1196 mino
631 1165 638 1196 ι
665 1146 719 1195 haec
745 1153 818 1209 porta
842 1145 964 1206 Domini;

77 1210 246 1258 misericordia
256 1209 315 1271 ejus.
534 1211 595 1274 justi
605 1211 731 1260 intrabunt
741 1211 767 1258 in
778 1226 840 1259 eam.

110 1274 152 1323 De
191 1273 350 1322 tribulatione
394 1272 506 1321 invocavi
570 1275 713 1324 Confitebor
729 1275 774 1323 tibi
786 1275 903 1338 quoniam
922 1291 962 1324 ex-

78 1338 218 1388 Dominum
232 1355 239 1386 :
251 1345 275 1386 et
294 1337 418 1386 exaudivit
429 1353 469 1386 me
480 1338 506 1385 in
538 1340 627 1388 audisti
647 1354 708 1388 me:
725 1346 750 1388 et
769 1338 847 1388 sactus
865 1355 890 1388 es
901 1339 963 1388 mihi

77 1402 209 1451 latitudine
220 1402 350 1450 Dominus.
538 1405 564 1452 in
575 1405 686 1452 salutem.

111 1466 236 1516 Dominus
253 1466 315 1514 mihi
327 1465 425 1528 adjutor
439 1480 506 1514 :non
571 1468 693 1533 Lapidem
714 1483 789 1531 quem
817 1468 963 1531 reprobave-

77 1532 173 1580 timebo
184 1530 244 1595 quid
255 1530 329 1579 saciat
340 1530 401 1579 mihi
412 1530 495 1578 homo.
538 1539 595 1581 runt
621 1531 771 1581 aedificantes
793 1532 858 1581 :hic
885 1531 963 1581 factus

111 1595 236 1644 Dominus
257 1595 318 1643 mihi
336 1595 435 1657 adjutor
457 1613 463 1643 ε
483 1602 507 1643 et
538 1604 575 1646 est
586 1599 612 1645 in
623 1604 697 1661 caput
708 1596 798 1660 anguli.

77 1677 125 1725 ego
136 1660 271 1723 despiciam
282 1659 395 1708 inimicos
405 1674 481 1707 meos.
571 1662 595 1709 A
608 1661 717 1710 Domino
728 1659 820 1709 sactum
831 1667 868 1708 est
879 1661 944 1709 istud
957 1680 963 1709 :

111 1725 210 1773 Bonum
249 1731 285 1772 est
320 1723 444 1772 confidere
481 1723 507 1772 in
538 1733 563 1774 et
581 1733 619 1775 est
635 1725 748 1774 mirabile
762 1725 791 1773 in
810 1725 887 1774 oculis
908 1741 963 1774 nos·

79 1788 191 1838 Domino
214 1803 315 1852 :quam
337 1787 460 1836 confidere
482 1789 507 1836 in
539 1790 588 1838 tris.

77 1854 180 1902 homine
195 1871 201 1902 ε
572 1853 636 1902 Haec
647 1861 684 1902 est
694 1853 747 1901 dies
758 1868 832 1916 quam
844 1853 901 1902 fecit
913 1853 963 1902 Do-

112 1918 212 1966 Bonum
235 1924 272 1966 est
293 1931 391 1980 sperare
408 1916 435 1964 in
455 1917 507 1965 Do·
538 1918 619 1966 minus
633 1918 800 1967 :exsultemus
811 1924 836 1966 ct
854 1917 964 1967 laetemur

80 1983 150 2030 mino
165 1996 259 2046 :quam
278 1996 376 2044 sperare
395 1982 422 2029 in
441 1981 507 2045 prin·
539 1983 565 2030 in
576 1998 612 2030 ea

78 2046 182 2111 cipibus.
573 2046 596 2094 Ο
613 2044 729 2104 Domine,
743 2046 838 2094 salvum
857 2062 898 2095 me
915 2046 961 2106 fac,

113 2111 208 2159 Omnes
241 2116 326 2172 gentes
364 2109 508 2158 circuierunt
540 2109 698 2170 ODomine,
719 2111 783 2159 bene
801 2126 964 2175 prosperare:

78 2191 120 2224 me
134 2192 141 2224 r
153 2182 178 2223 et
188 2175 214 2223 in
223 2174 333 2223 Nomine
342 2173 445 2222 Domini
452 2174 509 2238 quia
538 2175 683 2224 benedictus
704 2175 747 2239 qui
768 2175 835 2224 venit
856 2175 883 2223 in
912 2175 965 2224 No·

77 2240 145 2288 ultus
156 2254 210 2287 sum
221 2239 247 2287 in
258 2254 307 2288 eos.
540 2241 608 2288 mine
619 2238 728 2288 Domini.

113 2304 300 2353 circumdantes
344 2302 509 2351 circumdede·
574 2304 747 2352 Benediximus
758 2303 829 2352 vobis
839 2304 871 2352 de
890 2304 966 2353 domo

80 2376 137 2416 runt
156 2383 197 2416 me
212 2374 255 2416 :et
273 2367 300 2415 in
323 2367 433 2415 Nomine
456 2367 509 2416 Do·
542 2367 644 2417 Domini
667 2367 760 2417 :Deus
784 2367 916 2426 Dominus,
942 2376 966 2416 et

80 2433 143 2481 mini
154 2432 212 2496 quia
223 2431 288 2480 ultus
299 2447 355 2480 sum
366 2431 391 2479 in
403 2446 452 2480 eos.
541 2432 623 2481 illuxit
633 2433 713 2481 nobis.

115 2496 337 2545 Circumdederunt
370 2511 411 2544 me
447 2495 509 2544 sicut
574 2496 722 2546 constituite
743 2497 810 2545 diem
831 2496 966 2545 solemnem

79 2577 148 2626 apes,
163 2567 188 2609 et
205 2567 346 2609 exarserunt
365 2560 427 2608 sicut
446 2560 509 2622 ignis
541 2561 567 2609 in
578 2561 708 2610 condensis
723 2576 818 2625 :usque
837 2560 869 2608 ad
890 2575 966 2609 cornu

80 2627 107 2675 in
118 2626 196 2688 spinis
211 2632 253 2674 :et
275 2626 301 2672 in
323 2625 433 2673 Nomine
455 2624 508 2672 Do·
540 2626 630 2674 altaris.

80 2691 143 2738 mini
154 2690 213 2754 quia
222 2690 288 2738 ultus
300 2704 354 2737 sum
365 2689 391 2737 in
403 2704 451 2738 eos.
573 2689 641 2738 Deus
660 2705 728 2738 meus
748 2704 774 2738 es
795 2696 830 2748 tu,
844 2691 870 2736 et
889 2689 965 2737 confi·

114 2754 239 2818 impulsus
267 2769 364 2802 eversus
400 2769 455 2802 sum
481 2760 509 2802 ut
540 2754 612 2802 tebor
631 2754 677 2803 tibi
692 2752 778 2802 :Deus
796 2768 864 2801 meus
884 2769 910 2802 es
929 2761 964 2813 tu,

81 2819 195 2868 caderem
210 2837 216 2868 :
228 2825 252 2867 et
264 2818 387 2866 Dominus
403 2819 509 2881 suscepit
541 2826 565 2867 et
577 2817 732 2867 exaltabote.

82 2899 129 2933 me.
574 2881 717 2930 Confitebor
728 2881 773 2930 tibi
790 2881 907 2945 quoniam
926 2898 966 2930 ex-

115 2948 247 2997 Fortitudo
266 2963 322 2996 mea
341 2954 365 2996 et
385 2946 438 2995 laus
453 2962 509 2995 mea
541 2946 631 2995 audisti
645 2961 686 2994 me
700 2953 743 2994 ret
764 2945 842 2995 factus
861 2961 887 2995 es
906 2947 967 2995 rnihi

83 3013 207 3062 Dominus
222 3030 228 3062 z
240 3020 264 3061 et
273 3011 351 3061 iactus
363 3018 399 3060 est
410 3011 472 3059 mihi
483 3011 508 3058 in
541 3012 566 3060 in
578 3010 689 3059 salutem.

81 3077 192 3126 salutem.
574 3073 971 3140 ConfiteminiDominoquoniatn

147 3150 194 3203 295
