2092 3450
406 137 448 194 fib
466 138 602 194 liternum.
643 171 644 175 =

83 307 186 353 nostrae
199 297 334 366 educatis,
346 298 524 369 quotidianas
540 299 676 354 Ecclesiae
688 298 825 370 psallendi
837 307 865 354 et
876 299 975 354 orandi

82 389 224 460 formulas,
241 391 271 446 in
288 392 414 462 linguam
431 402 473 447 tot
494 410 543 463 per
561 393 666 448 saecula
682 381 759 463 apud
778 392 975 447 Occidentales

81 485 222 554 vigentem
240 486 373 554 redditas,
385 486 516 540 manibus
528 503 646 542 versare.
684 487 803 541 Gratum
818 487 904 541 etiam
917 487 976 542 lore

81 580 241 648 putavimus
260 596 293 633 ea
311 579 373 649 ipsa
390 580 485 647 verba,
505 579 544 648 (id
562 580 639 650 quod
659 581 785 650 plurimis
804 581 832 633 in
850 580 976 635 formulis

81 671 203 740 accidit‚)
214 683 280 726 ante
292 673 388 727 oculos
400 672 504 727 habere
513 689 585 743 quae,
594 691 612 726 a
625 674 795 727 Doctoribus
805 674 976 743 clarissimis,

75 752 190 837 (quales
204 767 281 822 suere
300 769 356 821 Leo
374 768 420 822 ille
439 769 571 838 MagnuS,
585 769 765 838 Evangelicae
776 769 901 823 veritatis
914 786 976 839 pro-

80 871 220 930 pugnator
232 862 353 927 illustris‚
366 872 394 917 et
411 863 570 931 Gregorius,
584 863 707 932 Magnus
724 873 751 918 et
766 863 835 933 ipse,
847 865 895 934 qui
908 880 976 932 gen-

80 966 138 1010 tem
158 957 314 1025 Anglorum
335 957 446 1011 Christo
467 957 657 1027 mancipavit)
678 957 815 1026 originem
836 957 975 1024 ducentia,

79 1050 305 1104 antecessoribus
322 1050 434 1118 nostris,
447 1051 534 1105 Bedae
547 1050 716 1119 Venerabili,
728 1050 854 1105 AElsredo
868 1052 975 1120 Magno

79 1143 146 1212 regi,
159 1144 265 1197 sanctis
284 1143 423 1214 episcopis
442 1145 590 1199 Osmundo
609 1155 636 1199 et
654 1145 797 1213 Anselm0,
812 1146 976 1214 caeterisque

79 1238 168 1291 multa
180 1255 230 1308 per
242 1239 353 1308 saecula,
363 1239 392 1292 in
405 1239 452 1309 pio
463 1256 528 1293 cum
538 1238 617 1294 coelis
627 1240 795 1294 commercio
805 1239 882 1294 cordi
891 1239 975 1294 luere.

107 1444 267 1512 ¹Speramus
276 1444 362 1498 etiam
370 1444 425 1498 hoc
434 1461 505 1514 opus
512 1455 648 1510 nostrum,
657 1445 681 1499 si
691 1422 810 1515 quorum
819 1445 975 1499 doctiorum

78 1536 108 1590 in
120 1554 222 1591 manus
234 1539 340 1591 venerit
355 1538 584 1606 Christianorum,
597 1548 646 1593 aut
664 1556 698 1592 ex
716 1539 756 1593 eis
774 1539 822 1608 qui
839 1539 976 1594 Ecclesiae

78 1633 123 1711 uel
136 1632 245 1686 Latinae
257 1633 301 1686 vel
315 1632 452 1686 Orientali
470 1632 613 1701 aggregati
630 1642 703 1699 sunt,
715 1642 764 1687 aut
782 1649 815 1686 ex
833 1632 903 1700 aliis,
916 1632 976 1702 qui·

77 1743 188 1796 cunque
201 1727 265 1794 sint,
277 1726 325 1796 qui
338 1726 354 1753 “
363 1736 477 1781 aetemae
488 1727 634 1780 Trinitatis
646 1726 765 1795 gloriam
779 1735 936 1794 agnoscunt
948 1736 974 1781 et

78 1821 107 1873 in
120 1821 248 1890 potentia
261 1820 421 1889 Majestatis
439 1822 557 1875 adorant
573 1821 741 1888 Unitatem,”
753 1820 801 1890 qui
814 1819 830 1848 “
840 1820 975 1888 Unigeni-

77 1923 138 1969 tum
152 1914 207 1967 Dei
221 1913 324 1967 Filium
334 1914 363 1968 in
375 1914 491 1969 veritate
498 1913 587 1968 nostri
596 1915 721 1983 corporis
730 1922 828 1966 natum
837 1913 873 1967 de
883 1914 976 1967 Matre

78 2009 194 2077 Virgine
212 2009 402 2076 confitentur,’'
416 2009 552 2062 veriorem
571 2009 708 2063 Ecclesiae
725 2008 891 2076 Anglicanae
907 2007 975 2061 ima-

77 2102 173 2170 ginem
186 2119 283 2156 eorum
292 2102 422 2156 charitati
432 2103 590 2157 oblaturum
602 2119 672 2170 esse,
681 2112 707 2156 et
720 2102 975 2156 demonstraturum

77 2213 141 2249 eam
153 2206 214 2249 tum
228 2196 326 2249 Fidem
336 2213 401 2250 vere
411 2196 596 2264 Catholicam,
604 2206 664 2250 turn
674 2196 799 2264 regimen
807 2212 873 2249 vere
884 2197 975 2266 Apos-

77 2290 193 2343 tolicum
205 2297 232 2343 et
244 2288 425 2358 primitivum,
438 2289 556 2344 fideliter
568 2306 768 2343 conservasse·

114 2484 284 2537 Misereatur
306 2484 393 2550 Deus,
410 2499 565 2552 precamur,
582 2482 720 2537 universae
742 2483 878 2537 Ecclesiae
897 2499 955 2536 suae
965 2502 974 2548 ;

77 2587 106 2632 et
118 2578 205 2645 omni,
217 2579 479 2648 quantuluscunque
495 2577 539 2645 sit,
552 2576 644 2631 faveat
659 2578 780 2645 conatui,
793 2578 840 2648 qui
852 2576 974 2630 faustum

77 2672 156 2725 illum
174 2672 338 2740 felicemque
356 2671 440 2739 diem,
452 2680 494 2725 tot
506 2671 588 2739 votis,
600 2680 642 2725 tot
659 2671 786 2741 suspiriis
804 2680 973 2740 exoptatum,

77 2776 218 2819 maturare
230 2765 327 2835 possit,
336 2781 399 2818 cum
412 2764 512 2819 iterum
521 2765 617 2818 fideles
630 2765 715 2819 totius
726 2764 810 2818 Orbis
821 2763 973 2817 Christiani

77 2861 169 2914 “cum
187 2858 265 2914 omni
282 2859 439 2913 humilitate
457 2868 485 2913 et
502 2859 725 2926 mansuetudine,
744 2875 809 2912 cum
829 2859 972 2929 patientia,

78 2963 275 3024 supportantes
297 2952 417 3006 invicem
439 2953 468 3006 in
487 2953 631 3019 charitate,
653 2952 765 3006 solliciti
786 2951 842 3006 sint
864 2969 971 3006 servare

79 3049 216 3130 unitatem
229 3047 349 3117 Spiritus
361 3047 390 3101 in
402 3047 512 3101 vinculo
524 3046 626 3117 pacis.''

143 3135 178 3167 vu
