2092 3450
250 151 381 207 muminito
400 149 502 209 iberita
520 153 598 219 diona
616 158 674 223 post
692 154 849 211 iitinitatrm.

269 301 396 370 Epistula·
509 361 512 367 ,
564 311 754 388 aedificationem
764 312 829 374 fidei,
843 319 871 363 ut
882 312 925 362 det
935 328 991 376 gra·

204 406 438 473 araphan-1⁷·
564 377 992 505 {initiandam

118 500 139 625 Ι
185 503 232 553 OC
251 503 325 566 igitur
342 502 406 563 dico,
425 508 450 551 et
467 502 533 551 testi·
564 505 627 554 Dei:
654 505 682 554 in
703 521 753 569 quo
774 505 864 568 signati
885 505 943 554 estis
964 505 992 554 in

199 567 297 616 ficorin
310 567 427 625 Domino,
441 574 468 614 ut
480 566 533 629 jam
563 569 630 617 diem
665 569 848 633 redemptionis
901 569 992 619 Omnis

107 647 158 679 non
176 631 306 680 ambuletis
323 631 387 680 sicut
406 637 431 680 et
447 637 533 694 gentes
563 633 708 691 amaritudo,
731 640 757 682 et
783 633 827 693 ira,
857 639 883 682 et
909 633 991 708 indig-

107 695 241 754 ambulant,
264 695 290 743 in
312 696 422 744 vanitate
448 710 532 744 sensus
563 697 639 757 natio,
653 704 677 747 et
689 697 789 757 clamor,
803 704 828 746 et
836 697 992 761 blasphemia

107 761 152 818 sui,
177 759 283 808 tenebris
305 760 463 808 obscuratum
489 758 532 806 ha·
562 761 662 810 tollatur
691 777 707 810 a
731 761 810 821 vobis,
841 777 898 810 cum
922 761 992 810 omni

106 825 193 872 bentes
215 823 374 883 intellectum,
396 822 496 872 alienati
517 838 533 870 a
563 826 663 874 malitia
700 826 787 874 Estote
795 825 991 874 auteminvicem

107 889 157 936 vita
174 887 230 945 Dei,
243 903 287 951 per
297 887 461 950 ignorantiam
477 902 532 950 quae
563 889 670 953 benigni,
684 889 860 949 misericordes,
870 889 992 939 donantes

107 960 143 1001 est
163 952 189 999 in
206 951 262 1010 illis,
283 960 384 1015 propter
399 951 533 1000 caecitatem
564 954 676 1014 invicem,
709 954 771 1002 sieut
806 961 831 1002 et
863 953 933 1003 Deus
964 954 991 1002 in

107 1016 187 1065 cordis
192 1015 308 1078 ipsorum,
316 1016 358 1079 qui
366 1016 530 1079 desperantes,
565 1018 664 1066 Christo
675 1017 777 1066 donavit
787 1017 874 1066 vobis·

107 1079 251 1142 semetipsos
261 1080 414 1128 tradiderunt
427 1079 533 1143 impudi-

107 1144 179 1202 citiae,
189 1144 390 1207 inoperationem
402 1143 533 1191 immundi·
693 1163 858 1232 maumam

107 1211 148 1256 tiae
164 1208 253 1266 omnis,
267 1207 293 1255 in
309 1207 444 1255 avaritiam.
480 1207 532 1255 Vos
809 1257 815 1268 ,
861 1207 866 1218 '

107 1280 190 1320 autem
201 1287 251 1320 non
267 1271 303 1320 tta
318 1271 438 1320 didicistis
450 1270 532 1320 Chris-
684 1257 709 1307 S·
722 1258 795 1306 Mati
807 1273 839 1306 1x·
853 1269 873 1306 1·

107 1342 168 1395 tum,
190 1338 211 1384 si
234 1343 317 1384 tamen
339 1335 410 1384 illum
431 1335 533 1384 audistis
607 1333 695 1384 ESUS
719 1333 853 1382 ascendens
874 1333 901 1382 in
922 1333 991 1382 navi·

107 1407 131 1448 et
142 1400 168 1448 in
180 1399 234 1463 ipso
246 1399 327 1448 edocti
337 1399 401 1458 estis,
415 1398 477 1448 sicut
496 1406 533 1447 est
566 1341 599 1491 J
639 1398 728 1456 culam,
763 1397 936 1457 transfretavit,
967 1405 993 1448 et

107 1464 196 1512 veritas
214 1464 240 1512 in
253 1464 330 1528 Jesur
347 1464 471 1527 deponere
488 1479 532 1512 vos
638 1462 749 1511 venitin
766 1461 891 1510 civitatem
910 1477 988 1512 suam.

107 1527 242 1576 secundum
258 1527 385 1591 pristinam
405 1543 532 1576 conversa·
563 1526 822 1575 Etecceoflerebantei
829 1525 992 1590 paralyticum

107 1593 201 1640 tionem
212 1599 317 1640 veterem
337 1592 470 1649 hominem,
507 1591 533 1640 ui
559 1590 682 1652 jacentem
697 1591 724 1639 in
741 1590 811 1638 lecto.
855 1590 889 1638 Et
904 1589 991 1640 videm

108 1657 270 1719 corrumpitur
286 1657 420 1704 secundum
436 1607 531 1704 desiie·
561 1656 632 1718 Jesus
643 1654 718 1702 fidem
729 1654 835 1713 illorum,
847 1654 910 1702 dixit
918 1670 990 1718 para·

107 1720 243 1770 riaerroris.
278 1720 532 1768 Renovaminiautem
562 1719 651 1780 lytico:
670 1718 773 1767 Confide
781 1718 823 1776 fili,
834 1721 992 1767 remittuntur

108 1785 194 1847 spiritu
216 1785 305 1832 mentis
324 1792 418 1841 vestrae,
444 1790 468 1832 et
495 1784 531 1832 in·
562 1783 608 1831 tibi
618 1790 719 1846 peccata
735 1790 783 1831 tua
821 1783 854 1830 Et
869 1782 992 1845 eccequi·

107 1849 176 1896 duite
202 1864 294 1896 novum
321 1849 454 1907 hominem,
490 1848 532 1912 qui
563 1847 621 1895 dam
640 1846 672 1894 de
691 1846 776 1895 scribis
793 1847 907 1894 dixemnt
927 1849 992 1894 intra

107 1912 242 1960 secundum
270 1913 352 1960 Deum
380 1920 475 1960 creatus
497 1919 533 1960 est
564 1927 602 1960 se:
623 1911 673 1959 Hic
684 1911 846 1974 blasphemat.
884 1911 991 1959 Etcum

107 1977 134 2024 in
151 1976 252 2038 justitia,
274 1983 299 2025 et
320 1977 450 2024 sanctitate
471 1976 533 2024 veri-
563 1975 664 2023 vidisset
708 1975 780 2038 Jesus
828 1974 992 2037 cogitationes

107 2041 171 2088 tatis.
197 2042 301 2104 Propter
309 2041 376 2104 quod
383 2041 534 2103 deponentes
564 2055 656 2096 eorum,
667 2039 742 2088 dixit:
762 2039 797 2088 Ut
806 2039 864 2102 quid
877 2039 992 2101 cogitatis

107 2105 269 2163 mendacium,
294 2104 424 2168 loquimini
446 2104 534 2153 verita-
564 2103 630 2151 mala
645 2104 671 2151 in
682 2103 906 2152 cordibusvestris?
923 2103 992 2164 Quid

106 2176 157 2216 tem
168 2169 333 2232 unusquisque
350 2184 406 2216 cum
422 2169 535 2232 proximo
565 2175 601 2216 est
610 2167 704 2215 facilius
712 2167 806 2216 dicere:
825 2166 992 2215 Dimittuntur

106 2248 166 2281 suo:
192 2233 309 2296 quoniam
327 2247 410 2281 sumus
428 2233 534 2281 invicem
564 2232 609 2280 tibi
637 2239 738 2295 peccata
759 2238 816 2279 tua:
843 2246 876 2278 an
894 2231 990 2280 dicere:

107 2298 224 2345 membra.
261 2297 405 2355 Irascimini,
420 2302 445 2345 et
457 2297 534 2345 nolite
566 2296 651 2358 Surge,
666 2303 690 2344 et
706 2295 822 2343 ambula?
854 2294 891 2344 Ut
908 2303 991 2343 autem

106 2377 223 2424 peccare:
240 2360 277 2409 sol
291 2376 342 2408 non
354 2362 450 2409 occidat
461 2376 535 2423 super
565 2360 654 2420 sciatis,
679 2360 738 2423 quia
765 2359 843 2407 Filius
871 2359 991 2407 Hominis

107 2425 259 2472 iracundiam
289 2432 402 2473 vestram.
447 2425 534 2473 Nolite
564 2424 639 2473 habet
658 2430 805 2486 potestatem
821 2423 848 2471 in
866 2429 933 2471 terra
955 2423 991 2471 di-

106 2489 189 2537 locum
205 2490 264 2537 dare
282 2489 396 2537 diabolo:
416 2489 458 2552 qui
470 2490 533 2536 fura·
564 2487 679 2536 mittendi
713 2494 821 2550 peccata,
858 2493 919 2536 tunc
957 2487 991 2536 ait

106 2555 186 2611 batur,
198 2552 250 2616 jam
262 2568 312 2602 non
329 2553 433 2601 iuretur:
455 2554 533 2615 magis
563 2552 712 2615 paralytico:
730 2552 816 2613 Surge,
827 2551 888 2600 tolle
899 2551 991 2600 lectum

106 2625 189 2666 autem
201 2618 303 2675 laboret,
317 2618 443 2679 operando
455 2618 532 2665 mani·
564 2624 640 2674 tuum,
652 2623 676 2665 et
687 2616 750 2664 vade
761 2615 786 2663 in
797 2616 900 2664 domum
912 2622 987 2664 tuam.

106 2683 153 2730 bus
175 2682 224 2730 suis
244 2682 310 2745 quod
330 2682 423 2729 bonum
442 2689 486 2739 est,
505 2688 532 2729 ut
564 2681 597 2728 Et
608 2681 719 2738 surrexit,
734 2688 758 2728 et
769 2680 830 2728 abiit
846 2680 873 2727 in
888 2680 991 2728 domum

106 2746 196 2794 habeat
217 2746 284 2793 unde
310 2747 402 2794 tribuat
429 2746 532 2793 necessi·
563 2761 639 2792 suam.
675 2744 795 2792 Videntes
812 2751 895 2792 autem
913 2745 990 2792 turbae

105 2818 182 2857 tatem
201 2810 310 2874 patienti.
347 2810 435 2859 Omnis
452 2825 532 2858 senno
563 2810 703 2868 timuerunt,
736 2816 761 2856 et
792 2807 991 2870 glorificaverunt

105 2875 184 2922 malus
203 2891 233 2923 ex
249 2891 291 2923 ore
310 2881 391 2923 vestro
409 2889 459 2922 non
475 2889 532 2937 pro·
564 2873 653 2932 Deum,
684 2872 726 2936 qui
747 2872 816 2920 dedit
841 2879 989 2935 potestatem

106 2940 190 2987 cedat:
218 2940 261 2987 sed
284 2939 304 2987 si
327 2939 381 3004 quis
399 2939 479 2988 bonus
498 2938 531 2986 ad
562 2938 637 2986 talem
647 2936 795 2986 hominibus

172 3137 217 3173 112
