2092 3450
342 162 486 219 oratione.

59 308 402 374 t,ntinconspectutuofide·
434 309 504 368 saria,
524 324 553 358 su
572 309 649 373 plices
666 309 819 373 postulamus
835 311 861 359 in

59 375 193 434 ministrent,
213 374 245 422 ad
265 374 349 437 magni
366 373 402 421 tui
434 373 544 423 Nomine
554 325 702 422 inediatoris
713 374 790 422 nostri
802 374 861 438 Jesu

59 439 89 487 ris
100 438 214 501 gloriam,
228 445 253 487 et
264 438 296 486 ad
307 437 402 503 profec·
435 437 534 496 Christi,
556 438 691 487 beatissimi
714 438 817 487 Domini
837 447 861 487 et

59 508 126 551 nctoe
135 502 253 551 Ecclesiae
262 509 317 551 tuae.
355 502 403 550 Per
434 495 577 551 Salvatoris.
615 504 703 550 Amen.

65 566 337 616 ChristumDominum
345 581 402 614 nos·

83 633 171 679 Amen·
438 657 526 707 Oratio
536 674 581 720 pro
594 658 710 705 omnibus
719 657 862 705 hominibus

470 723 862 786 cujuscunqueconditionis‚tunc

59 804 383 870 Oquaecujvispraecedffl,
470 789 577 835 dicenda
600 804 656 835 curn
683 788 782 836 Litania
812 804 862 836 non

62 873 112 920 ium
124 871 218 936 apponi
231 877 321 934 potest,
471 853 598 902 recitanda
610 863 653 902 est.

59 953 112 1003 :US
142 953 182 1002 cui
209 954 337 1018 proprium
367 959 403 1003 est
529 953 795 1017 US,humanigeneris
803 957 860 1005 Cre·

74 1017 184 1079 misereri
200 1033 297 1081 semper
313 1024 337 1066 et
348 1033 404 1082 par·
445 954 793 1130 UatoretConservator,
804 1035 860 1084 sup-

75 1082 173 1145 suscipe
205 1082 404 1146 deprecationem
434 1098 451 1145 p
462 1097 511 1131 rees
522 1090 548 1131 te
559 1097 673 1146 rogamus
684 1099 730 1146 pro
747 1083 861 1133 omnibus

58 1162 102 1206 m;
124 1153 152 1194 ut
174 1161 236 1209 quos
255 1146 404 1195 'delictorum
434 1146 576 1195 hominibus
608 1146 773 1211 cujuscunque
804 1163 861 1197 con·

59 1247 63 1258 .
94 1210 247 1274 constringit,
278 1210 403 1259 miseratio
434 1210 543 1270 ditionis,
567 1217 595 1260 ut
617 1210 647 1259 iis
669 1211 722 1260 vias
749 1218 811 1271 tuas,
837 1220 861 1261 et

59 1274 131 1323 etatis
139 1274 258 1323 absolvat
287 1275 330 1323 Ad
341 1274 403 1323 hon·
435 1274 858 1338 omnibusgentibussalutaretuum‚

59 1339 119 1402 Jesu
136 1338 237 1398 Christi,
258 1339 403 1388 Mediatoris
435 1339 564 1388 ostendere
585 1339 700 1402 digneris.
744 1340 778 1388 Et
799 1355 861 1403 prae·

65 1409 90 1452 et
102 1403 235 1452 Advocati.
271 1405 361 1452 Amen.
434 1404 506 1466 cipue
517 1418 563 1515 pro
578 1403 646 1452 bono
662 1411 727 1452 statu
744 1403 861 1453 Ecclesiae

436 1467 516 1516 Catho
527 1468 571 1516 icae
581 1485 588 1527 ;
602 1483 677 1531 quam
687 1468 755 1517 bono
767 1468 861 1532 Spiritu

193 1580 198 1590 ,
288 1581 291 1590 ,
382 1582 386 1590 ,
435 1539 485 1590 tuo,
506 1547 653 1596 quaesumus,
672 1532 708 1580 ita
729 1533 819 1595 dirigas
837 1541 861 1582 et

59 1580 397 1641 rmnmcunaParhamcnn,
435 1596 562 1658 gubernes,
593 1604 620 1645 ut
648 1612 733 1645 omnes
765 1598 807 1661 qui
835 1612 861 1646 se

67 1647 172 1694 durante
183 1646 305 1695 Sffisskffie·
436 1660 588 1709 Christianos
597 1660 750 1724 profitentur,
763 1661 788 1710 in
795 1661 861 1709 viam

59 1726 113 1776 :Us
132 1726 329 1786 clementissime,
347 1742 403 1790 sup·
434 1725 544 1773 veritatis
584 1724 659 1784 ducti,
700 1725 727 1774 in
767 1726 861 1774 unitate

75 1790 153 1853 plices
169 1798 195 1838 te
212 1806 327 1853 rogamus
347 1805 402 1839 cum
434 1789 541 1852 spiritus,
555 1789 582 1837 in
592 1789 690 1837 vinculo
707 1789 783 1853 pacis,
798 1797 823 1838 et
835 1790 861 1838 in

59 1870 88 1903 oc
108 1854 198 1916 Regno
214 1855 336 1914 universo,
350 1862 403 1902 tum
432 1853 527 1915 justitia
553 1853 611 1902 vitae
643 1853 719 1902 fidem
751 1861 857 1902 teneant.

59 1934 81 1968 re
92 1933 138 1982 pro
149 1934 246 1966 summa
262 1919 329 1967 curia
345 1919 403 1967 Par·
436 1918 564 1967 Postremo
574 1924 684 1981 patemae
695 1917 801 1968 bonitati
812 1925 861 1967 tuae

59 1983 92 2042 ni,
104 1983 152 2031 sub
163 1983 260 2046 Regina
268 1990 351 2032 nostra
362 1984 404 2047 pia
435 1997 521 2031 omnes
532 1982 587 2031 illos
604 1982 805 2031 commendamus
818 1983 861 2047 qui

59 2047 135 2095 menti
152 2046 205 2109 jam
228 2053 376 2110 congregata
397 2065 403 2095 ε
434 2046 609 2109 quovismodo,
617 2046 740 2105 inmente,
748 2062 858 2110 corpore,

59 2127 110 2160 mes
122 2126 208 2160 eorum
215 2111 403 2160 deliberationes
434 2117 477 2159 aut
495 2111 576 2169 rebus,
595 2125 688 2173 angun-

58 2191 78 2224 re
90 2182 115 2224 et
127 2190 270 2239 prosperare
284 2176 400 2239 digneris,
434 2183 473 2223 tur
494 2181 537 2224 aut
558 2174 688 2235 laborant3
734 2193 745 2214 s
761 2192 810 2232 Hoc
837 2193 868 2233 d,

60 2240 163 2288 riaetuae
172 2240 358 2299 incrementum,
370 2241 402 2288 ad
435 2236 495 2299 [*eos
552 2239 687 2301 praesertim
706 2243 799 2301 cepdnm
809 2251 841 2282 est
851 2243 869 2282 si

59 2304 93 2353 tiae
108 2303 253 2367 profectum,
268 2311 293 2352 et
309 2305 342 2352 ad
354 2305 402 2352 Re·
428 2311 476 2365 pro
497 2302 584 2366 quibus
601 2304 687 2350 oratri-
707 2294 776 2343 aliqui
792 2293 868 2351 Popul-

59 2375 146 2417 nostrae
162 2368 280 2432 regnique
297 2367 349 2431 ejus
364 2384 401 2416 sa·
435 2383 476 2416 nes
486 2373 574 2415 nostre
583 2374 686 2430 posom-
707 2353 869 2445 ξζξηωῗξνξξ

81 2431 165 2490 decus,
183 2439 258 2496 atque
276 2433 402 2481 commod·
433 2432 496 2492 tur,]
510 2437 538 2480 ut
551 2446 601 2490 eos,
615 2437 688 2495 prout
707 2444 746 2486 int.

59 2511 93 2559 ¹uo
105 2496 220 2545 omnibus
231 2511 316 2545 eorum
327 2512 404 2560 opera
433 2496 506 2544 variae
518 2510 601 2544 eorum
614 2496 740 2559 requirunt
756 2497 860 2544 necessi-

58 2560 211 2625 compositis‚
236 2559 352 2620 fundatis,
378 2568 402 2609 et
433 2567 502 2620 tates,
517 2559 639 2608 consolari
650 2567 675 2608 et
688 2561 796 2609 relevare
807 2560 860 2622 dig-

59 2624 96 2684 tis,
106 2631 187 2688 paxet
195 2623 402 2683 felicitas‚veritas
433 2624 505 2682 neris,
531 2629 556 2672 et
573 2623 743 2672 fortitudinem
767 2623 795 2671 in
816 2638 859 2686 pa-

58 2689 109 2747 itia,
124 2688 211 2751 religio
222 2695 246 2737 et
257 2689 344 2752 pietas,
358 2704 402 2737 no·
432 2688 525 2747 tiendo,
547 2695 572 2736 et
590 2686 688 2737 felicem
707 2703 722 2737 e
742 2687 860 2750 pressuris

59 2755 190 2816 ceterisque
217 2751 398 2802 confirmentur.
433 2753 675 2801 exitumconcedens.
704 2750 859 2814 Quodprop·

59 2823 74 2866 r
91 2822 181 2866 caetera
197 2816 264 2880 ipsis,
278 2816 359 2876 nobis,
377 2825 401 2866 et
432 2817 560 2879 terJesum
568 2816 693 2865 Christum
701 2823 725 2864 te
734 2829 855 2878 rogamus

59 2897 92 2931 sae
112 2879 231 2930 Ecclesiae
250 2889 299 2930 tuae
318 2896 400 2930 neces-
433 2884 521 2930 Amen.
585 2929 586 2933 ,
