2092 3450
407 71 423 95 Ι

267 172 344 222 brun
361 169 471 234 beaturi
488 173 595 226 Sacram
613 173 783 239 scripturam.

121 309 147 366 n
170 309 252 372 ortu
276 311 310 372 iu
330 312 465 391 {leliqua
487 315 586 388 ,batur
607 317 773 394 ,Scriptura
794 319 928 398 {aarum

431 410 570 484 §eruant
576 426 620 475 ua.

73 506 237 630 VETUS
252 511 440 560 Testamentum
455 527 504 587 pro
518 511 678 561 Lectionibus
689 511 776 576 primis
792 512 824 560 ad
840 512 978 560 Matutinus

174 584 200 624 et
216 576 248 624 ad
265 575 335 688 Vesp
336 592 390 624 eras
406 577 442 625 ita
458 577 603 652 assignatur,
618 585 645 625 ut
662 578 742 642 major
759 578 811 642 ejus
828 593 886 641 pars
902 577 978 626 semel

75 657 226 706 unoquoque
237 656 304 688 anno
315 592 420 703 egatur,
434 642 496 689 sicut
508 642 534 689 in
546 641 700 692 Kalendario
711 643 845 690 ordinatur.

106 709 211 755 Novum
224 707 412 754 Testamentum
428 722 474 769 pro
486 707 648 755 Lectionibus
662 708 782 756 Secundis
796 708 828 754 ad
841 706 978 755 Matutinus

75 779 99 820 et
118 772 152 820 ad
175 771 300 834 Vesperas
319 771 354 819 ita
372 772 518 834 assignatur,
539 779 566 819 ut
584 772 622 820 bis
639 788 789 836 unoquoque
808 788 874 820 anno
891 773 978 820 ordine

75 836 220 900 praescripto
237 835 340 898 legatur,
357 851 431 884 mane
446 836 523 885 semel
540 843 565 885 et
581 852 684 900 vespere
701 837 785 895 semel,
799 844 889 899 praeter
906 837 977 900 Epis·

75 901 138 950 tolas
158 909 184 950 et
204 900 360 964 Evangelia3
385 908 489 964 excepta
509 909 591 949 autem
612 902 773 977 Apocalypsi,
794 917 843 965 quo
863 918 894 949 ex
913 901 978 950 libro

75 966 176 1015 nonnisi
196 967 311 1030 quaedam
329 966 486 1014 Lectiones
480 982 506 1014 ιιι
526 965 575 1015 fine
592 967 650 1014 anni
670 974 695 1014 et
712 967 827 1029 quaedam
845 966 978 1014 Lectiones

76 1031 186 1095 Propriae
200 1031 279 1079 Festis
290 1031 439 1094 quibusdam
451 1031 613 1094 assignantur.

107 1096 145 1146 Ut
168 1102 251 1144 autem
273 1097 336 1144 scias
359 1111 415 1160 quae
435 1097 566 1145 Lectiones
589 1096 701 1160 quolibet
723 1096 765 1144 die
787 1095 837 1160 legi
859 1097 974 1155 debeant,

73 1177 158 1224 quaere
177 1161 245 1208 diem
261 1161 353 1209 mensis
371 1162 397 1209 in
414 1161 525 1225 sequenti
544 1162 714 1221 Kalendario;
731 1162 786 1209 istic
803 1162 869 1209 enim
887 1162 978 1225 Capita

72 1237 98 1274 et
111 1226 230 1288 Capitum
246 1234 328 1289 partes
344 1226 455 1274 invenies
472 1227 619 1275 Lectionum
636 1242 692 1289 quae
710 1235 733 1274 et
751 1227 783 1273 ad
801 1227 938 1274 Matutinas
953 1237 978 1275 et

74 1292 106 1338 ad
123 1291 248 1354 Vesperas
264 1299 320 1338 sunt
337 1290 469 1354 legendae3
485 1291 532 1339 nisi
550 1291 575 1338 in
593 1292 674 1339 Festis
692 1291 837 1346 Mobilibus,
854 1307 910 1355 quae
927 1307 978 1339 non

75 1355 229 1404 Kalendario
241 1355 332 1414 insunt,
347 1365 372 1404 et
385 1356 411 1403 in
423 1357 504 1404 Festis
521 1355 704 1414 immobilibus,
719 1356 812 1419 quaein
824 1356 978 1404 Kalendario

75 1421 195 1469 Lectione
214 1427 305 1478 carent,
320 1421 411 1483 quibus
432 1421 547 1469 omnibus
562 1421 650 1469 diebus
671 1437 722 1469 suae
739 1421 895 1469 invenientur
915 1421 977 1469 Lec-

75 1485 155 1533 tiones
168 1485 278 1547 Propriae
290 1485 315 1532 in
327 1485 426 1533 Tabula
439 1486 586 1534 Lectionum
599 1486 766 1549 Propriamm.

107 1549 136 1599 si
147 1550 266 1613 Vesperae
281 1550 320 1598 bis
335 1550 361 1598 in
377 1550 461 1614 aliqua
477 1550 612 1598 Dominica
628 1551 695 1607 horis
710 1550 814 1598 diversis
826 1550 940 1598 dicantur
951 1551 977 1599 in

73 1615 163 1663 eodem
185 1615 303 1662 orationis
323 1614 379 1662 loco
404 1616 461 1674 (nisi
484 1615 510 1662 in
533 1615 668 1663 Dominica
690 1615 729 1663 cui
751 1616 777 1662 in
801 1616 899 1662 Tabula
920 1617 977 1664 duae

73 1679 214 1742 specialiter
220 1680 377 1741 assignantur
386 1680 508 1728 Secundae
517 1679 650 1728 Lectiones
657 1695 760 1743 quarum
768 1683 886 1728 utramvis
895 1680 977 1743 legere

73 1743 140 1801 licet)
153 1760 199 1808 pro
217 1744 338 1792 Lectione
357 1744 472 1793 Secunda
489 1743 521 1791 ad
538 1744 630 1792 horam
644 1745 808 1819 posteriorem
826 1744 922 1806 legatur
937 1745 977 1792 vel

74 1809 157 1872 Caput
169 1808 272 1884 aliquod
284 1824 298 1856 e
309 1816 416 1872 quatuor
428 1808 579 1872 Evangeliis,
594 1808 633 1857 vel
650 1809 736 1857 Lectio
751 1809 860 1872 aliquae
872 1817 978 1885 quatuor

73 1873 234 1936 Evangeliis
228 1889 254 1920 ιιι
265 1874 364 1922 Tabula
374 1873 523 1922 Lectionum
535 1874 666 1936 assignata,
678 1873 710 1921 ad
722 1874 851 1921 arbitrium
860 1874 974 1922 ministri.

105 1939 136 1987 In
156 1939 339 1998 occasionibus,
360 1938 494 1986 Ordinatio
512 1939 690 2002 approbandis,
710 1938 771 1986 alias
790 1939 929 1997 Lectiones,
947 1955 977 1987 eo

73 2004 253 2062 consentiente,
275 2003 424 2052 substituere
443 2003 501 2051 licet
521 2019 605 2051 earum
626 2003 683 2051 loco
702 2019 757 2067 quae
777 2003 802 2050 in
823 2003 976 2053 Kalendarie

73 2070 236 2130 assignantur.

104 2133 240 2183 Sciendum
259 2140 295 2181 est
312 2133 395 2191 etiam,
410 2133 477 2196 quod
495 2132 693 2196 quandocunque
717 2133 755 2180 vel
772 2133 864 2180 Psalmi
880 2133 976 2197 Proprii
1016 2144 1020 2153 ·

73 2198 112 2247 vel
135 2198 268 2246 Lectiones
290 2199 454 2261 assignantur,
480 2197 572 2246 Psalmi
595 2198 635 2246 vel
658 2199 790 2246 Lectiones
818 2199 839 2246 F
841 2197 928 2246 eriales
951 2199 976 2246 in

74 2262 195 2311 Psalterio
207 2262 246 2310 vel
258 2263 283 2310 in
297 2263 450 2311 Kalendario
464 2263 622 2326 praescriptae,
637 2262 657 2311 si
673 2262 763 2310 suerint
778 2263 888 2322 diversae,
903 2264 977 2312 omit·

73 2336 156 2376 lentur
167 2343 213 2391 pro
225 2327 306 2375 hac
283 2343 344 2376 vice.

107 2393 181 2450 Item,
204 2392 336 2441 Sciendum
361 2399 397 2441 est
414 2393 508 2457 quod
502 2408 528 2440 ιιι
545 2392 716 2440 occasionibus
734 2391 867 2440 Ordinario
886 2408 975 2456 appro-

72 2457 171 2512 bandis,
186 2456 299 2505 Psalmos
315 2457 386 2516 alios,
401 2473 431 2506 eo
448 2457 626 2515 consentiente,
641 2457 789 2505 substituere
805 2457 879 2505 liceat
890 2473 976 2506 eorum

73 2522 130 2570 loco
141 2523 185 2586 qui
196 2521 222 2570 in
235 2521 355 2570 Psalterio
368 2523 529 2585 assignantur.

106 2586 134 2636 Si
158 2587 262 2635 Dierum
285 2587 416 2636 Fastorum
440 2585 530 2661 aliquis
552 2586 642 2650 quibus
665 2585 797 2634 Lectiones
820 2586 957 2650 Propriae
950 2602 975 2634 ιιι

73 2651 173 2701 Tabula
185 2651 333 2700 Lectionum
348 2652 504 2714 assignantur
520 2651 546 2699 in
564 2651 723 2699 Dominicam
741 2651 855 2699 inciderit
868 2666 923 2713 quae
935 2651 976 2699 vel

73 2718 103 2766 sit
115 2716 252 2764 Dominica
264 2716 347 2764 Prima
359 2715 497 2774 Adtentlls,
511 2716 551 2764 vel
564 2716 626 2764 Dies
639 2716 747 2774 Paschae,
762 2715 801 2764 vel
813 2716 875 2763 Dies
887 2717 974 2764 Pente-

72 2792 160 2838 costes,
186 2781 226 2830 vel
254 2781 389 2829 Dominica
416 2780 555 2838 Trinitatis,
577 2781 709 2828 Lectiones
736 2781 806 2828 istius
835 2780 975 2828 Dominicae

72 2846 187 2909 legantur
197 2863 204 2905 ;
221 2846 259 2894 sin
271 2846 297 2893 in
308 2845 382 2893 aliam
392 2844 529 2909 quamlibet
539 2845 699 2893 Dominicam
709 2844 831 2901 inciderit,
843 2844 975 2893 Lectiones

71 2911 111 2960 vel
125 2910 266 2959 Dominicae
278 2909 317 2970 vel
331 2911 398 2959 Festi
410 2910 458 2970 legi
470 2916 574 2972 possunt
586 2909 618 2957 ad
630 2909 760 2956 arbitrium
771 2909 884 2956 ministri.

104 2977 179 3033 Item,
194 2974 330 3024 Sciendum
348 2983 384 3022 est
402 2975 469 3037 quod
482 2974 578 3033 Oratio,
593 2972 714 3036 Epistola,
730 2981 754 3022 et
766 2973 931 3048 Evangelium
943 2974 974 3022 de

72 3011 209 3089 Dominica
219 3055 265 3103 per
276 3046 354 3087 totam
370 3038 566 3087 Hebdomadam
581 3039 717 3102 repetenda
727 3045 792 3097 sunt,
806 3038 853 3086 nisi
865 3039 955 3088 aliter'
949 3055 974 3088 in

70 3106 118 3154 hoc
130 3104 209 3153 Libro
220 3104 362 3153 ordinatum
372 3102 451 3153 luerit.

137 3170 178 3218 xxi
