2092 3450
390 135 461 192 diutia
479 135 563 191 tertia
581 140 635 192 ante
651 137 761 203 Rastia.

114 287 149 336 At
170 286 213 337 ille
239 303 278 336 res
296 286 397 345 ondens,
423 286 458 336 ait
484 285 537 336 illi:
568 285 621 350 ejus
632 287 766 337 arundine:
783 294 808 336 et
826 290 995 353 conspuebant

112 350 153 401 Tu
169 351 237 401 dicis.
274 303 307 400 lt
320 351 468 400 accusabant
482 366 538 400 eum
569 367 634 411 eum,
654 359 678 401 et
694 359 815 416 ponentes
831 367 921 416 genua,
936 354 995 403 ado·

112 416 202 466 summi
228 416 367 465 sacerdotes
389 415 416 463 in
442 415 534 466 multis.
568 416 656 465 rabant
683 431 747 466 eum
800 417 834 465 Et
863 425 996 493 postquam

112 480 208 530 Pilatus
229 487 312 529 autem
339 495 436 528 rursum
462 480 536 528 inter-
568 480 697 529 illuserunt
722 481 753 541 ei,
779 489 899 531 exuerunt
925 482 996 531 illum

111 545 208 608 rogavit
223 560 288 602 eum,
307 543 404 593 dicens:
423 543 484 592 Non
501 560 537 592 re·
568 559 684 608 purpura,
717 554 742 594 et
774 544 907 595 induerunt
939 560 995 595 eum

111 610 219 672 spondes
245 608 398 672 quidquam?
427 608 484 657 vide
510 608 538 657 in
568 608 720 658 vestimentis
744 608 808 658 suis:
835 615 861 658 et
888 610 996 660 educunt

111 673 209 736 quantis
236 678 261 721 te
292 678 414 721 accusant
465 672 537 735 Jesus
568 673 639 722 illum
649 680 676 722 ut
688 673 857 737 crucifigerent
868 689 932 724 eum.
963 674 997 723 Et

112 744 194 785 autem
205 737 311 800 amplius
322 736 383 785 nihil
400 737 534 800 respondit,
568 737 756 801 angariaverunt
807 744 995 801 praetereuntem

111 802 146 849 ita
163 808 191 849 ut
208 801 337 850 miraretur
353 801 453 850 Pilatus.
490 801 538 849 Per
568 801 717 865 quempiam,
754 801 882 852 Simonem
922 803 995 866 Cyre-

111 866 178 914 diem
189 873 272 914 autem
282 865 373 914 festum
388 866 484 914 solebat
500 865 537 913 di·
568 881 657 924 naeum,
688 866 828 915 venientem
861 866 894 915 de
926 866 992 926 villa,

111 930 208 978 mittere
226 930 275 979 illis
293 946 371 979 unum
390 945 421 978 ex
438 929 534 988 vinctis,
568 937 663 993 patrem
683 930 819 979 Alexandri
838 937 864 979 et
882 930 950 991 Rufi,
969 937 996 980 ut

110 1009 290 1058 quemcumque
307 995 431 1058 petissent
477 994 537 1042 Erat
568 993 664 1043 tolleret
681 1009 778 1042 crucem
794 994 854 1057 ejus.
892 995 927 1044 Et
942 1011 995 1060 per·

110 1066 193 1106 autem
204 1061 247 1123 qui
258 1059 386 1107 dicebatur
400 1058 534 1117 Barabbas,
568 1058 661 1107 ducunt
678 1058 749 1107 illum
766 1058 793 1106 in
813 1058 943 1122 Golgotha
960 1059 995 1108 lo·

110 1123 152 1185 qui
165 1138 221 1171 cum
232 1123 352 1172 seditiosis
369 1130 421 1171 erat
431 1122 534 1182 vinctus,
568 1137 638 1172 cum:
664 1122 731 1187 quod
750 1130 787 1171 est
808 1122 995 1186 interpretatum

110 1186 153 1250 qui
169 1187 195 1234 in
211 1188 333 1237 seditione
348 1187 439 1236 fecerat
456 1187 536 1235 homi·
569 1187 689 1236 Calvariae
705 1186 780 1235 locus.
817 1187 852 1235 Et
867 1187 963 1236 dabant
973 1190 996 1236 ei

111 1251 209 1300 cidium
250 1252 358 1300 Etcum
377 1251 533 1309 ascendisset,
567 1250 652 1300 bibere
673 1251 825 1314 myrrhatum
846 1251 948 1302 viuum:
971 1258 995 1300 et

109 1315 538 1379 turbacoepitrogare,sicutsemper
567 1331 618 1364 non
635 1316 737 1378 accepit
774 1315 808 1363 Et
826 1315 995 1379 crucifigentes

109 1378 216 1428 faciebat
237 1379 292 1429 illis.
337 1380 432 1428 Pilatus
453 1388 536 1427 autem
568 1379 992 1444 eum,diviseruntvestimeutaejus,

109 1444 237 1507 respondit
253 1445 296 1502 eis,
315 1451 340 1493 et
357 1443 436 1494 dixit:
454 1443 536 1492 Vultis
567 1444 692 1493 mittentes
724 1451 816 1493 sortem
848 1459 924 1508 super
951 1444 992 1504 eis,

110 1508 234 1556 dimittam
260 1508 332 1558 vobis
365 1508 461 1571 Regem
492 1507 535 1570 Ju-
566 1508 621 1571 quis
632 1508 692 1572 quid
704 1507 807 1557 tolleret.
838 1508 900 1557 Erat
911 1516 993 1558 autem

110 1572 238 1620 daeorum?
271 1572 371 1622 Sciebat
388 1573 455 1621 enim
468 1572 536 1635 quod
566 1572 627 1620 hora
655 1572 740 1630 tertia:
762 1578 796 1634 ⁸et
824 1572 996 1622 crucifixerunt

110 1651 154 1699 per
168 1636 289 1684 invidiam
305 1636 461 1685 tradidissent
479 1651 536 1684 eum
567 1652 631 1685 eum.
675 1637 709 1685 Et
731 1643 783 1686 erat
806 1636 892 1686 titulus
915 1653 994 1686 causae

110 1701 199 1749 summi
215 1701 361 1750 sacerdotes.
403 1699 536 1749 Pontifices
566 1700 618 1762 ejus
639 1700 786 1764 inscriptus:
815 1700 878 1749 REx
901 1701 996 1765 JUDAE·

110 1771 190 1812 autem
220 1765 403 1814 concitaverunt
427 1765 533 1822 turbam,
567 1776 655 1813 outJM.
692 1766 725 1813 Et
737 1781 793 1812 curn
805 1780 835 1813 eo
848 1765 993 1829 crucifigunt

110 1836 137 1876 ut
153 1829 232 1891 magis
249 1830 389 1878 Barabbam
402 1829 536 1878 dimitteret
566 1829 629 1877 duos
640 1829 761 1878 latrones:
778 1845 856 1877 unum
867 1845 883 1878 a
894 1829 992 1888 dextris,
1033 1870 1036 1898 ,

109 1893 151 1941 eis.
188 1893 282 1942 Pilatus
295 1901 378 1942 autern
394 1893 483 1948 iterum
499 1908 536 1941 re·
566 1900 590 1941 et
610 1893 686 1941 alium
705 1909 721 1941 a
739 1893 843 1942 sinistris
865 1893 925 1957 ejus.
962 1895 994 1942 Et
1031 1909 1036 1941 i

109 1958 240 2019 spondens,
261 1961 295 2006 ait
311 1958 373 2007 illis:
391 1957 459 2019 Quid
476 1972 534 2019 ergo
565 1956 668 2020 impleta
674 1964 710 2005 est
722 1959 848 2021 scriptura,
859 1973 916 2022 quae
923 1959 993 2008 dicit:

109 2021 183 2069 vultis
194 2021 283 2070 faciam
296 2022 359 2084 Regi
374 2021 536 2085 Judaeorum?
567 2022 600 2069 Et
618 2037 675 2069 cum
692 2022 782 2084 iniquis
800 2030 928 2085 reputatus
948 2029 990 2072 est.

110 2085 145 2133 At
156 2085 193 2133 illi
204 2087 293 2135 iterum
305 2087 471 2134 clamaverunt
483 2085 533 2134 illi:
566 2086 600 2133 Et
607 2092 781 2148 praetereuntes
787 2085 995 2149 blasphemabant

110 2149 233 2213 Crucifige
255 2166 319 2199 eum
361 2150 455 2199 Pilatus
476 2165 535 2198 vero
566 2165 630 2209 eum,
652 2156 780 2198 moventes
797 2165 827 2198 ca
845 2151 881 2198 ita
897 2167 949 2211 sua,
968 2153 994 2200 et

109 2214 207 2262 dicebat
226 2214 288 2262 illis:
309 2214 377 2276 Quid
393 2214 460 2262 enim
476 2213 536 2262 mali
565 2213 687 2262 dicentes:
703 2214 810 2277 Vahqui
838 2215 992 2264 estruistcm-

109 2277 186 2326 fecit?
212 2277 534 2342 Atillimagisclamabant:
565 2278 635 2341 plum
655 2278 704 2326 Dei
723 2285 748 2327 et
767 2278 794 2328 iu
811 2278 890 2328 tribus
908 2280 994 2328 diebus

110 2341 232 2405 Crucifige
248 2358 312 2392 eum
349 2343 442 2390 Pilatus
453 2349 535 2390 autem
566 2341 713 2391 reaedificas:
735 2342 831 2391 salvum
849 2342 891 2392 fac
909 2351 994 2392 temet·

109 2406 194 2455 volens
215 2406 310 2470 populo
332 2406 478 2465 satisfacere,
499 2406 536 2455 di·
566 2406 654 2470 ipsum,
679 2407 831 2455 descendens
857 2407 891 2456 de
913 2423 990 2456 cruce.
1031 2464 1036 2471 ⁶

109 2471 176 2519 misit
198 2471 247 2520 illis
271 2471 419 2528 Barabbam,
442 2477 466 2519 et
487 2477 535 2519 tra-
567 2470 686 2520 Similiter
704 2477 728 2518 et
746 2470 837 2519 sunuui
855 2472 994 2521 sacerdotes
1031 2478 1036 2501 ¹

110 2535 174 2582 didit
186 2535 272 2598 Jesum
283 2535 386 2599 flagellis
397 2550 495 2594 caesum,
509 2541 536 2583 ut
566 2534 705 2593 illudentes,
725 2535 758 2583 ad
775 2535 921 2584 alterutnum
939 2551 994 2585 cum

110 2599 296 2663 crucifigeretur.
340 2599 434 2647 Milites
453 2605 536 2647 autem
566 2598 651 2647 scribis
667 2599 799 2647 dicebant:
822 2599 896 2648 Alios
914 2600 995 2650 salvos

110 2664 231 2712 duxerunt
250 2664 350 2712 eumin
368 2664 458 2711 atrium
474 2678 535 2726 prae·
565 2662 631 2721 fecit,
638 2663 746 2727 seipsum
753 2679 803 2712 non
810 2664 995 2727 potcstsalvum

110 2729 173 2786 torii,
197 2735 221 2777 et
241 2734 377 2776 convocant
397 2734 476 2775 totam
496 2743 536 2775 co·
566 2727 652 2776 facere.
700 2728 812 2777 Christus
839 2728 896 2776 Rex
918 2728 995 2778 Isra'el
1033 2750 1036 2787 Ι

109 2791 214 2850 hortem,
237 2799 262 2840 et
280 2792 386 2840 induunt
404 2806 461 2839 eum
478 2806 535 2854 pur·
567 2792 699 2840 descendat
721 2807 787 2840 nunc
807 2792 840 2841 de
862 2807 943 2851 cruce,
968 2800 995 2841 ut

110 2870 179 2917 pura,
191 2864 215 2905 et
226 2857 357 2919 imponunt
369 2855 391 2902 ei
402 2854 537 2918 plectentes
566 2856 693 2904 videamus
704 2863 728 2905 et
740 2856 875 2905 credamus.
907 2857 942 2905 Et
952 2857 995 2920 qui
1034 2858 1036 2909 Ι

110 2921 352 2980 spineamcoronam.
371 2919 537 2982 Etcoeperunt
567 2935 623 2967 cum
645 2935 675 2968 eo
697 2919 805 2968 crucifixi
832 2928 910 2981 erant,
936 2936 993 2970 oon·
1033 2918 1036 2925 '

110 2982 216 3031 salutare
227 2999 298 3032 eum:
315 2984 371 3031 Ave
384 2983 439 3030 Rex
452 2983 535 3046 Judae·
566 2984 720 3032 viciabantur
738 2984 767 3032 ei.
795 2984 829 3032 Et
848 2985 916 3034 facta
933 2985 994 3035 hora
1023 3028 1033 3061 ,

111 3060 208 3156 οτιιιῐι616
225 3047 259 3096 Et
275 3047 445 3111 percutiebant
462 3054 536 3110 caput
565 3050 641 3108 sexta,
661 3048 768 3097 tenebrae
784 3048 856 3098 factae
873 3057 931 3098 sunt
951 3064 994 3114 per
1031 3064 1036 3141 1
