2092 3450
286 150 415 207 namium
434 153 570 211 &nutriata
588 160 644 222 prat
663 157 817 214 Crinitatmt.

117 335 167 384 tua,
181 340 237 389 quae
248 324 279 372 ad
291 339 378 388 pacem
392 322 452 373 tibi!
475 337 542 373 nunc
571 323 693 387 lapidem:
711 339 741 373 eo
757 322 825 388 quod
841 339 892 373 non
908 339 996 388 cogno

117 397 200 438 autem
207 388 350 438 abscondita
358 395 415 436 sunt
423 388 455 436 ab
464 388 541 437 oculis
572 388 636 437 veris
657 396 755 452 tempus
777 388 922 438 visitationis
938 398 995 438 tuae.

117 454 172 502 tuis.
193 453 259 515 Quia
264 452 363 501 venient
371 452 424 500 dies
432 452 458 500 in
467 458 504 500 te:
517 459 541 500 et
573 452 607 501 Et
617 452 739 515 ingressus
749 452 775 501 in
784 453 912 517 templum,
922 455 999 518 coepit

117 517 302 566 circumdabunt
329 522 354 565 te
380 515 474 564 inimici
504 516 540 564 tui
572 516 660 579 ejicere
686 517 820 565 vendentes
847 517 874 566 in
895 517 948 577 illo,
974 525 999 567 et

117 581 191 641 vallo,
212 587 236 630 et
255 579 442 629 circumdabunt
460 587 499 629 te:
516 587 540 629 et
572 588 687 639 ementes,
699 581 783 629 dicens
793 581 856 630 illis:
873 581 999 645 Scriptum

117 644 312 708 coangustabunt
331 652 357 693 te
373 644 496 708 undique:
516 651 540 692 et
572 651 622 693 est:
639 645 705 707 Quia
723 646 811 694 domus
833 661 889 694 mea
909 645 999 695 domus

117 710 398 773 adterramprosteruent
407 714 440 769 te,
447 715 471 757 et
478 707 542 756 filios
573 708 690 757 orationis
702 716 748 758 est:
759 725 804 758 vos
815 717 898 758 autem
908 710 999 760 lecistis

116 782 172 822 tuos
183 772 262 837 quiin
277 777 302 821 te
318 779 421 832 suntet
437 788 488 821 non
504 789 541 821 re·
573 772 642 821 illam
652 773 795 837 speluncam
805 773 936 823 latronum.
966 775 1000 824 Et

116 838 227 901 linquent
248 837 317 886 inte
339 836 448 901 lapidem
469 852 542 901 super
573 844 625 886 erat
635 837 727 886 docens
738 837 849 901 quotidie
859 839 996 904 intemplo.

293 994 423 1052 humatae
440 994 575 1052 &aaziae
590 999 648 1064 aaa
664 996 820 1053 damatam

273 1116 371 1172 &tatia
572 1122 712 1187 quingentis
728 1124 843 1173 sratribus
862 1124 951 1173 simul:
968 1142 1000 1174 ex

111 1206 260 1328 DEUS,
275 1211 318 1276 qui
335 1211 540 1276 omnipotentiam
571 1187 660 1250 quibus
687 1188 759 1237 multi
793 1195 895 1238 manent
921 1205 1000 1253 usque

208 1283 276 1324 tum
296 1277 419 1340 parcendo
433 1276 540 1324 maxime
571 1251 660 1327 adhuc,
690 1252 792 1316 quidam
825 1260 909 1302 autem
941 1254 998 1302 dor·

571 1322 691 1365 mterunt:
716 1317 806 1366 deinde
821 1317 887 1366 visus
901 1324 939 1367 est
956 1319 999 1383 Ja-

572 1379 643 1440 cobo,
668 1379 758 1430 deinde
780 1381 898 1444 apostolis
919 1383 999 1431 omni·

571 1443 634 1493 bus:
650 1445 783 1494 novissime
793 1453 876 1494 autem
887 1446 1000 1495 omnium

572 1515 690 1572 tanquam
704 1510 823 1570 abortivo,
837 1510 904 1559 visus
920 1518 958 1560 est
974 1518 1000 1560 et

572 1572 640 1621 mihi
676 1573 733 1636 Ego
744 1573 810 1622 enim
821 1574 1000 1624 summinimus

571 1636 748 1712 apostolorum,
762 1639 804 1701 qui
815 1653 866 1686 non
880 1654 935 1687 sum
945 1640 999 1702 dig-

116 1346 140 1388 et
152 1339 291 1389 miserando
302 1340 457 1389 manifestas:
474 1339 541 1388 Mul-

116 1404 201 1468 tiplica
211 1420 336 1469 supernos
346 1405 451 1468 gratiam
462 1411 538 1463 tuam,

116 1477 143 1517 ut
161 1469 227 1517 viam
249 1469 421 1517 mandatorum
443 1476 541 1517 tuorum

117 1539 248 1593 eumentes,
273 1533 394 1596 promissa
418 1539 461 1580 tua
483 1548 540 1580 con·

116 1597 185 1659 sequi
207 1603 232 1646 et
257 1597 393 1645 coelestium
418 1597 541 1645 bonorum

116 1661 190 1709 facias
202 1676 254 1709 esse
269 1668 400 1710 consortes.
438 1661 486 1709 Per
499 1660 541 1724 Je-

61 1751 65 1762 ·
116 1741 170 1772 sum
190 1724 315 1774 Christum
332 1725 468 1789 Dominum
485 1740 541 1773 nos·

115 1796 187 1837 trum.
222 1792 311 1838 Amen.

572 1716 618 1749 nus
634 1717 716 1750 vocam
734 1702 867 1764 apostolus,
882 1718 1000 1765 quomam

572 1773 712 1827 persecutus
728 1782 783 1814 sum
800 1766 927 1814 ecclesiam
939 1767 997 1815 Dei.

573 1829 659 1877 Gratia
669 1838 751 1878 autem
769 1830 817 1904 Ι1)εεί
828 1845 883 1904 sum
894 1830 919 1905 id
931 1832 1000 1896 quod

266 1912 392 1979 aiam.
571 1908 649 2005 tta
665 1901 795 2006 {intr
809 1910 1000 2007 simullai?

215 2013 280 2061 1Ad
291 2012 348 2062 Cor.
360 2030 398 2061 xv.
415 2026 434 2061 1.
571 2021 620 2070 tius
647 2022 696 2070 illis
726 1994 840 2071 omnibus
873 2023 1000 2072 laboravi:

189 2109 294 2159 orum
314 2110 385 2158 vobis
403 2110 466 2158 facio
492 2110 540 2158 sra-
571 2101 622 2133 ¹¹0ss
633 2102 679 2148 ⁶2⁰
690 2093 780 2161 affirma
794 2087 838 2161 ⁵05³
853 2088 934 2150 grafia
951 2088 1001 2163 pet

220 2183 276 2234 tres,
299 2173 454 2238 evangelium
467 2147 540 2238 ’quod
571 2164 674 2225 mecum:
711 2150 770 2200 swe
788 2166 856 2226 ,emm
875 2167 929 2214 εἷθ’
949 2168 1001 2228 ⁵¹Ye

116 2237 248 2300 praedicavi
264 2238 343 2298 vobis,
368 2238 435 2302 quod
458 2246 483 2287 et
501 2254 540 2287 ac·
571 2213 637 2288 11113.
655 2229 694 2289 ῗκ,
718 2215 888 2278 P¹aed¹⁶²mu⁵’
914 2223 940 2264 et
965 2233 1001 2265 ⁵¹⁰

116 2302 221 2364 cepistis,
243 2302 269 2350 in
292 2317 342 2365 quo
361 2310 386 2350 et
401 2302 478 2361 statis,
497 2318 542 2366 per
572 2278 715 2327 0181115115·

115 2365 182 2429 quod
194 2373 218 2414 et
230 2366 373 2415 salvamini:
390 2382 439 2430 qua
447 2367 542 2415 ratione

115 2430 299 2493 praedicaverim
314 2429 392 2489 vobis,
406 2431 427 2478 si
442 2431 538 2491 tenetis,
693 2438 863 2504 mmmmm,

115 2494 162 2541 nisi
183 2494 272 2543 srustra
294 2493 435 2543 credidistis.
480 2494 541 2542 Tra·

115 2559 167 2606 didi
176 2559 242 2606 enim
253 2558 324 2606 vobis
335 2557 361 2605 in
372 2558 464 2621 primis,
475 2559 542 2622 quod

116 2630 140 2671 et
163 2622 262 2686 accepi:
290 2622 408 2685 quoniam
431 2623 542 2671 Christus
642 2622 720 2669 IXIT
738 2622 809 2686 Jesus
828 2622 860 2670 ad
878 2624 1002 2685 quosdam

116 2695 225 2735 mortuus
269 2695 306 2735 est
346 2702 393 2750 pro
435 2688 542 2750 peccatis
674 2686 716 2749 qui
740 2686 766 2733 in
791 2701 818 2734 se
842 2687 1002 2736 confidebant

116 2752 204 2799 nostris
232 2750 366 2800 secundum
398 2751 542 2814 scripturas:
573 2756 691 2812 tanquam
707 2750 774 2812 justi,
794 2758 818 2798 et
834 2753 1001 2814 aspernaban-

117 2823 141 2863 et
165 2816 222 2879 quia
244 2815 353 2878 sepultus
376 2822 420 2874 est,
441 2822 465 2864 et
483 2816 543 2926 quia
574 2821 614 2861 tur
630 2821 738 2871 caeteros,
754 2815 898 2876 parabolam
912 2816 1002 2864 istam:

117 2880 245 2928 resurrexit
263 2879 335 2928 tertia
352 2879 393 2928 die
409 2895 482 2928 secun
501 2895 542 2927 um
575 2877 633 2925 Duo
655 2877 767 2925 homines
789 2879 952 2928 ascenderunt
976 2881 1002 2928 in

117 2946 262 3006 scripturas:
292 2950 316 2991 et
356 2944 397 2991 uia
418 2944 483 2992 visus
506 2950 542 2991 est
574 2940 695 3004 templum
730 2949 757 2990 ut
792 2950 904 2990 orarent:
937 2960 1002 2993 unus

118 3007 218 3070 Cephae,
233 3014 258 3055 et
275 3014 331 3070 post
366 3023 395 3056 oc
413 3007 542 3056 undecim:
575 3005 720 3063 Pharisaeus,
735 3013 759 3054 et
771 3006 833 3054 alter
843 3007 997 3070 publicanus.

116 3072 205 3119 deinde
230 3072 295 3120 visus
322 3078 359 3120 est
386 3072 442 3136 plus
469 3086 543 3136 quam
575 3069 711 3118 Pharisaeus
727 3077 801 3129 stans,
820 3071 875 3120 haec
891 3072 958 3135 apud
976 3088 1003 3121 se

192 3148 237 3195 104

674 2532 699 2582 S.
712 2532 786 2581 Luoee
797 2534 862 2582 xviii.
875 2546 898 2595 9.
