2092 3450
76 189 134 236 Dies
145 188 234 235 XXX.
461 183 570 249 ἷβεὸἷπῑί.
833 188 878 236 Ad
886 188 950 236 Mal.

104 319 240 370 Generatio
261 327 286 369 et
307 320 433 384 generatio
449 320 500 370 lau·
532 320 579 370 viis
589 320 639 370 suis
651 338 657 371 :
669 327 693 370 et
704 327 802 370 sanctus
810 321 835 370 in
846 322 959 372 omnibus

70 385 142 434 dabit
152 400 229 449 opera
244 392 288 434 tua
307 403 314 435 r
330 392 354 434 et
365 385 502 450 potentiam
532 386 647 450 operibus
657 386 715 435 suis.

71 458 141 498 tuam
152 448 352 513 pronuntiabunt
564 451 646 514 Prope
657 457 694 499 est
705 450 828 500 Dominus
845 453 960 500 omnibus

104 512 316 577 Magnificentiam
332 513 417 577 gloriae
433 529 501 563 sanc·
531 514 702 564 invocantibus
728 529 786 564 eum
811 532 819 566 r
845 516 961 565 omnibus

70 578 149 627 titatis
159 585 209 627 tuae
219 577 350 642 loquentur
369 595 377 628 r
393 586 418 628 et
428 579 501 628 mira·
532 579 703 628 invocantibus
715 579 809 628 eumin
821 580 929 630 veritate.

70 642 133 690 bilia
143 649 186 690 tua
196 642 336 691 narrabunt.
564 643 727 693 Voluntatem
759 644 901 693 timentium
935 661 961 694 se

104 707 139 755 Et
149 706 266 755 virtutem
282 706 429 756 terribilium
445 713 500 756 tuo·
530 707 603 756 saciet
613 725 619 757 ε
631 715 656 757 et
666 709 866 772 deprecationem
875 725 960 758 eorum

72 785 132 820 rum
148 770 231 820 dicent
245 778 289 823 :et
304 772 500 835 magnitudinem
530 771 652 832 exaudiet,
666 781 690 822 et
700 773 781 822 salvos
792 773 865 823 faciet
876 789 925 823 eos.

71 844 143 884 tuam
154 835 296 884 narrabunt.
564 837 679 886 Custodit
714 837 838 887 Dominus
875 853 961 887 omnes

104 900 256 948 Memoriam
272 901 430 950 abundantiae
446 916 500 949 sua·
531 902 661 965 diligentes
677 910 758 952 seret
774 917 860 952 omnes
876 919 960 967 pecca·

70 963 155 1013 vitatis
165 971 215 1013 tuae
225 965 370 1014 eructabunt
389 981 396 1015 r
413 972 437 1014 et
451 965 502 1029 jus·
532 975 597 1015 tores
608 966 740 1030 disperdet.

72 1028 128 1077 titia
139 1035 182 1076 tua
193 1029 358 1079 exsultabunt.
565 1031 748 1080 Laudationem
759 1029 862 1080 Domini
877 1030 961 1096 loque·

105 1093 238 1142 Miserator
258 1100 281 1142 et
297 1094 434 1144 misericors
450 1092 501 1144 Do·
533 1102 574 1144 tur
592 1110 620 1144 os
641 1110 726 1144 meum
752 1113 759 1147 ι
781 1103 806 1144 et
832 1097 962 1146 benedicat

71 1157 154 1206 minus
184 1174 191 1208 r
218 1158 315 1222 patiens
345 1166 370 1208 et
396 1159 502 1208 multum
532 1160 614 1209 omnis
625 1175 682 1208 caro
693 1159 798 1209 Nomini
808 1170 893 1210 sancto
909 1161 962 1224 ejus

72 1221 219 1270 misericors.
532 1225 559 1272 in
586 1223 712 1284 saeculum,
738 1231 768 1273 et·
790 1225 816 1272 in
843 1226 961 1274 saeculum

107 1286 197 1336 Suavis
217 1285 340 1336 Dominus
356 1287 475 1337 universis
495 1304 501 1338 r
533 1289 623 1338 saeculi.

72 1357 98 1400 et
135 1350 310 1426 'miserationes
343 1352 395 1415 ejus
428 1368 502 1417 super

72 1429 159 1464 ΟΜ
169 1430 245 1478 Opera
256 1431 321 1492 eJua
625 1434 755 1482 Psrnsrus
767 1432 886 1482 CXLVI.

105 1478 278 1529 Confiteantur
304 1480 358 1540 tibi,
383 1480 499 1540 Domine,

72 1542 158 1593 omnia
169 1559 246 1608 opera
261 1552 304 1593 tua
318 1563 325 1596 r
337 1553 361 1595 et
372 1547 449 1594 sancti
466 1547 501 1594 tui
582 1545 693 1608 AUDA,
705 1548 789 1597 anima
796 1563 861 1608 mea,
875 1548 961 1598 Domi·

71 1607 221 1657 benedicant
232 1607 284 1657 tibi.
613 1627 689 1673 num;
706 1613 815 1662 laudabo
824 1612 962 1662 Dominum

105 1671 219 1722 Gloriam
244 1674 314 1738 regni
336 1675 373 1723 tui
393 1675 503 1724 dicent:
532 1675 620 1726 invita
630 1677 824 1742 mearpsallam
840 1677 895 1728 Deo
905 1693 963 1727 meo

75 1744 99 1786 et
130 1737 250 1786 otentiam
261 1744 329 1788 tuam
340 1737 472 1852 lffffl‘ffi
485 1756 492 1789 ε
533 1741 655 1805 quamdiu
665 1742 742 1791 fuero.

133 1801 344 1851 tnotamiaciant
391 1803 412 1853 is
422 1804 502 1853 homi·
567 1805 653 1855 Nolite
669 1805 792 1855 confidere
808 1806 962 1870 inprincipi·

73 1881 134 1918 uum
145 1866 285 1929 potentiam
298 1874 367 1916 tuam
387 1886 395 1921 a
411 1874 436 1917 et
451 1868 504 1931 glo·
534 1869 582 1918 bus
596 1887 602 1919 :
613 1870 640 1919 in
650 1869 707 1919 filiis
717 1870 855 1931 hominum,
866 1871 893 1919 in
909 1873 963 1935 qui·

72 1931 136 1980 riam
145 1929 335 1993 magnificentiae
345 1933 414 1995 regni
424 1933 469 1981 tui.
534 1935 643 1983 busnon
654 1934 774 1984 estsalus.

107 1995 225 2058 Regnum
241 2002 314 2045 tuum
330 2011 434 2060 regnum
451 2012 503 2046 om·
568 1998 652 2047 Exibit
674 1999 774 2063 spiritus
796 1998 856 2063 ejus,
880 2006 905 2049 et
927 2016 962 2048 re·

72 2060 145 2108 nium
160 2059 308 2110 saeculorum
328 2078 334 2110 r
351 2068 376 2110 et
392 2061 503 2111 domina-
535 2069 643 2111 vertetur
658 2062 684 2111 in
705 2070 796 2112 terram
812 2079 883 2113 suam
908 2082 915 2114 r
937 2065 963 2112 in

73 2124 109 2173 tio
120 2131 166 2172 tua
177 2123 204 2172 in
220 2125 288 2173 omni
304 2124 464 2189 generatione
480 2137 504 2175 et
534 2125 578 2175 illa
588 2127 629 2176 die
640 2128 757 2191 peribunt
770 2143 855 2177 omnes
872 2129 963 2192 cogita·

71 2188 264 2253 generationem.
535 2191 614 2240 tiones
626 2206 718 2240 eorum.

107 2251 201 2302 Fidelis
212 2252 335 2303 Dominus
352 2254 505 2304 inomnibus
569 2256 667 2314 Beatus,
692 2255 763 2319 cujus
791 2257 861 2306 Deus
884 2256 963 2321 Jacob

72 2317 154 2368 verbis
165 2316 216 2366 suis
235 2326 283 2368 :et
295 2325 394 2368 sanctus
410 2319 436 2367 in
452 2334 504 2368 om·
536 2319 635 2382 adjutor
650 2319 711 2383 ejus,
730 2336 786 2385 spes
804 2321 857 2384 ejus
875 2321 901 2370 in
912 2320 963 2369 Do·

71 2381 341 2446 nibusoperibussuis.
535 2385 605 2433 mino
632 2385 689 2434 Deo
716 2385 800 2449 ipsius,
831 2385 874 2450 qui
906 2385 963 2434 iecit

106 2445 209 2496 Allevat
220 2446 343 2498 Dominus
355 2463 448 2508 omnes,
462 2448 506 2512 qui
536 2449 628 2498 coelum
650 2456 674 2498 et
695 2457 786 2499 terram
811 2467 817 2498 :
839 2464 914 2509 mare,
939 2459 963 2498 et

72 2519 190 2564 corruunt
221 2529 228 2562 r
260 2519 285 2561 et
317 2512 388 2576 erigit
419 2527 505 2562 omnes
536 2514 620 2562 omnia
630 2514 770 2578 quaeineis
780 2519 844 2562 sunt.

72 2579 154 2629 elisos.
568 2577 620 2640 Qui
648 2579 756 2627 custodit
782 2578 910 2627 veritatem
937 2578 963 2625 in

105 2640 182 2691 Oculi
193 2642 305 2690 omnium
321 2641 383 2691 inte
394 2650 501 2705 sperant,
534 2643 675 2703 saeculum;
696 2642 755 2691 iacit
777 2640 900 2704 judicium
927 2642 963 2690 in·

71 2705 184 2757 Domine
198 2713 242 2756 :et
253 2713 281 2754 tn
297 2706 342 2756 das
351 2721 432 2755 escam
448 2706 502 2756 illo·
531 2706 623 2770 juriam
639 2706 791 2782 patientibus
805 2706 866 2755 :dat
882 2721 964 2754 escam

71 2771 166 2822 rumin
179 2776 290 2834 tempore
301 2779 449 2835 opportuno.
535 2770 705 2820 esurientibus.

103 2835 196 2899 Aperis
206 2842 235 2883 tu
250 2849 353 2884 manum
364 2841 434 2884 tuam
454 2852 460 2890 r
478 2844 503 2885 et
567 2834 691 2885 Dominus
702 2833 775 2884 solvit
785 2834 939 2898 compeditos
957 2854 964 2886 ι

71 2899 160 2964 imples
182 2914 257 2949 omne
276 2899 369 2949 animal
385 2900 500 2949 benedic·
533 2899 657 2948 Dominus
666 2899 792 2948 illuminat
804 2914 889 2948 caecos.

70 2967 145 3015 tione.
565 2963 689 3013 Dominus
708 2963 780 3026 erigit
798 2962 871 3013 elisos
889 2980 897 3014 r
913 2962 964 3012 Do·

100 3030 189 3094 Justus
204 3027 328 3078 Dominus
344 3029 370 3078 in
386 3029 501 3078 omnibus
532 3029 615 3078 minus
625 3028 705 3092 diligit
714 3027 799 3091 justos.

134 3105 183 3156 313
