2092 3450
311 167 410 226 iuliis
428 169 576 235 natiuitatis
592 169 706 226 ssuntiui.

77 316 164 364 demus
186 316 225 364 his
244 315 287 379 qui
305 316 423 363 miserunt
442 319 506 364 nos?
536 315 674 378 Respondit
685 314 720 364 eis
729 315 846 377 Joannes,
857 314 960 362 dicens:

77 381 138 443 quid
149 380 211 429 dicis
220 380 251 429 de
262 381 359 444 teipso?
375 380 437 428 Ait:
449 379 505 441 Ego
535 380 590 443 Ego
611 379 708 443 baptizo
724 379 750 427 in
768 394 849 442 aqna:
865 377 961 426 medius

76 460 126 493 vox
143 444 272 493 clamantis
287 444 314 492 in
329 444 443 493 deserto:
460 444 504 491 Di·
534 453 617 493 autem
628 452 735 492 vestrum
746 443 820 501 stetit,
831 457 904 506 quem
916 457 960 490 vos

76 508 348 571 rigiteviamDomini‚
362 508 425 556 sicut
441 507 505 557 dixit
533 508 638 556 nescitis.
675 507 733 570 Ipse
741 515 778 556 est
794 507 837 571 qui
853 513 909 569 post
919 521 960 554 me

77 572 156 621 isaias
166 572 295 636 propheta
332 572 365 620 Et
377 573 420 636 qui
436 572 504 620 missi
531 580 650 620 venturus
661 580 704 630 est,
724 572 837 634 quiante
853 586 894 618 me
910 569 959 618 fac·

76 637 182 696 fuerant,
209 644 278 684 erant
305 652 336 685 ex
363 636 500 684 Pharisaeis.
534 644 574 684 tus
596 642 649 684 est:
674 635 743 698 eujus
766 651 812 698 ego
831 650 883 683 non
904 650 960 683 sum

78 701 112 749 Et
145 701 357 764 interrogaverunt
384 716 449 758 eum,
480 708 504 748 et
534 701 623 763 dignus
632 707 659 748 ut
667 701 761 748 solvam
770 700 821 761 ejus
831 699 959 761 corrigiam

77 765 193 813 dixerunt
214 765 253 813 ei:
279 764 347 827 Quid
366 780 425 827 ergo
444 765 504 828 bap·
535 765 701 813 calceamenti.
733 764 797 812 Haee
805 764 830 810 in
838 762 960 812 Bethania

76 828 144 888 tizas,
169 828 190 877 si
211 835 240 878 tu
261 845 312 877 non
334 845 360 878 es
382 828 502 886 Christus,
534 829 666 876 factasunt
679 835 745 876 trans
760 828 902 892 Jordanem,
917 826 960 874 ubi

77 908 158 957 neque
175 893 251 953 Elias,
270 908 350 957 neque
365 893 505 956 propheta?
534 900 585 941 erat
595 893 704 956 Joannes
714 892 848 956 baptizans.

289 1107 292 1119 1
321 1033 358 1088 iia
371 1034 421 1089 nir
437 1033 587 1100 natiuitatis
601 1033 714 1090 nomini.

229 1142 330 1200 &tutin
534 1151 608 1210 ciens,
628 1151 697 1200 sedet
713 1150 744 1199 ad
762 1151 887 1198 dexteram
905 1149 959 1196 Ma-

146 1252 504 1316 0s
532 1213 960 1343 rrainnnlnnnirf

130 1381 135 1391 .
220 1383 225 1391 .
251 1382 256 1392 .
419 1379 420 1382 η
535 1345 626 1393 renrius
643 1360 694 1408 prae
710 1344 759 1392 illis
776 1357 867 1391 nornen
883 1342 959 1389 haere-

77 1383 150 1430 nobis
169 1382 266 1440 dedistr,
288 1389 315 1429 ut
334 1388 443 1429 nostram
461 1397 504 1429 na·
534 1409 628 1458 ditavit
677 1409 725 1457 Cui
746 1408 812 1456 enim
833 1398 894 1453 dixft
917 1405 960 1452 ali.

79 1455 160 1493 turam
176 1453 316 1503 assumeret,
336 1452 360 1494 et
376 1445 425 1494 hoc
442 1453 503 1493 tem-

77 1526 139 1574 pore
160 1511 192 1558 de
216 1525 278 1573 pura
296 1509 399 1572 Virgine
420 1525 503 1558 nasce-

77 1582 163 1634 retnr;
188 1574 287 1632 Praesta,
308 1589 454 1685 quaesumus,
476 1583 504 1622 ut

77 1653 123 1686 nos
136 1639 280 1701 regenerati,
300 1638 392 1701 iiiique
408 1638 444 1686 tui
459 1654 504 1701 per

78 1703 239 1765 adoptionem
260 1709 285 1750 et
306 1703 410 1765 gratiam
435 1702 500 1762 facti,

80 1767 175 1829 Spiritu
187 1766 280 1815 Sancto
290 1773 333 1814 tuo
345 1766 456 1878 Quotidie
467 1782 503 1814 re-

78 1845 204 1879 novemur.
242 1831 289 1878 Per
300 1846 347 1878 eun
366 1846 405 1878 em
417 1830 503 1878 Do'mi-

78 1909 139 1942 num
149 1901 260 1942 nostrum
270 1895 355 1957 Jesum
369 1895 501 1954 Christum,

78 1958 121 2021 qui
144 1965 226 2006 tecum
247 1958 308 2006 vivit
327 1965 352 2006 et
373 1967 458 2021 regnat
478 1959 504 2006 in

78 2022 172 2070 unitate
183 2021 293 2084 ejusdem
305 2021 410 2087 Spiritus
419 2023 505 2071 Sancti

80 2086 156 2146 Deus,
170 2101 214 2150 per
230 2086 314 2134 omnia
329 2086 419 2135 saecula
429 2101 503 2135 saecu-

78 2149 166 2198 lorum
202 2152 291 2198 Amen.

535 1474 634 1537 quando
639 1473 783 1536 angelornm
792 1490 797 1519 :
806 1470 883 1518 Filius
890 1485 959 1517 meus
1002 1480 1003 1485 ’

534 1546 606 1598 estu,
621 1554 666 1600 ego
678 1537 753 1585 hodie
763 1536 837 1599 genui
850 1536 894 1582 te?
927 1534 956 1580 F]
1009 1551 1011 1556 ·

534 1618 643 1651 rursum:
656 1603 711 1664 Ego
723 1617 764 1649 ero
773 1600 809 1648 illi
817 1600 842 1647 in
850 1600 957 1654 Patrem,

535 1675 559 1715 et
581 1667 634 1730 ipse
656 1667 702 1715 erit
720 1665 783 1712 mihi
801 1665 827 1711 in
851 1663 961 1710 Filium?

536 1732 569 1779 Et
585 1747 641 1780 cum
657 1731 745 1778 iterum
762 1727 895 1776 introducit
912 1725 960 1788 pri-

534 1796 686 1858 mogenitum
713 1794 739 1842 in
767 1793 853 1841 orbem
880 1799 957 1849 terrae,

534 1860 610 1908 dicit:
630 1860 663 1908 Et
683 1855 786 1907 adorent
802 1871 858 1904 eum
875 1870 961 1902 omnes

535 1923 616 1986 angeli
644 1923 699 1971 Dei.
748 1923 781 1970 Et
803 1921 835 1968 ad
860 1918 960 1980 angelos

535 1988 634 2050 quidem
646 1987 720 2034 dicit:
737 1985 787 2048 Qui
794 1984 851 2032 facit
860 1983 960 2045 angelos

535 2067 592 2100 suos
603 2052 708 2116 spiritus,
723 2058 747 2099 et
764 2049 887 2098 ministros
904 2061 961 2096 suos

535 2115 660 2163 flammam
682 2115 752 2178 ignis.
798 2113 840 2160 Ad
869 2111 960 2159 Filium

459 2229 460 2233 ,
535 2187 617 2228 autem
628 2197 634 2228 r
646 2179 761 2227 Thronus
768 2186 832 2234 tum,
847 2176 923 2233 Deus,
935 2176 961 2222 in

535 2244 652 2292 saeculum
673 2243 775 2292 saeculi:
797 2241 866 2303 virga
885 2240 960 2302 aequi·

231 2297 358 2366 Έβῖὅῗῦῖἅ·
535 2308 599 2367 tatis,
621 2308 690 2370 virga
708 2307 777 2369 regni
796 2305 838 2353 tui.
876 2304 960 2351 Dilex-

196 2398 238 2446 Ad
250 2398 310 2447 ΗΕΒ
332 2398 341 2446 i
366 2412 375 2446 1
534 2372 575 2420 isti
590 2372 719 2434 justitiam,
739 2378 763 2419 et
782 2368 856 2418 odisti
871 2367 960 2430 iniqui·

311 2435 317 2447 ’
342 2435 348 2447 ’
379 2435 384 2446 ”
535 2443 630 2484 tatemr
668 2442 799 2499 propterea
833 2432 902 2480 unxit
935 2437 960 2478 te

167 2498 405 2557 ULTIFARIAM,
441 2499 503 2547 mul·
535 2501 611 2559 Deus,
626 2500 694 2548 Deus
706 2507 769 2556 tuus,
784 2497 839 2546 oleo
856 2494 960 2544 exsulta-

193 2563 504 2625 tisquemodisolimDeus
535 2563 608 2611 tionis
634 2579 686 2626 prae
713 2562 873 2626 participibus
901 2559 956 2606 tuis.

78 2627 182 2690 loquens
198 2627 308 2690 patribus
324 2627 350 2674 in
366 2627 500 2690 prophetis,
536 2628 585 2675 Et:
602 2628 641 2675 Tu
657 2628 684 2675 in
700 2626 828 2690 principio,
841 2623 957 2680 Domine,

78 2690 211 2739 novissime
230 2690 318 2739 diebus
339 2690 503 2740 istis'locutus
535 2699 624 2739 terram
659 2691 785 2739 fundasti:
824 2695 849 2736 et
884 2701 960 2748 opera

78 2762 114 2802 est
132 2754 205 2802 nobis
221 2754 247 2802 in
264 2754 337 2812 Filio,
356 2770 430 2818 quem
446 2771 503 2804 con·
534 2771 652 2805 manuum
684 2763 781 2803 tuarum
810 2757 867 2800 sunt
895 2748 955 2798 caeli.

79 2819 157 2867 stituit
180 2818 303 2867 haeredem
325 2819 501 2878 universorum,
536 2820 587 2882 Ipsi
608 2819 731 2882 peribunt,
754 2824 781 2866 tu
800 2823 883 2864 autem
904 2829 958 2876 per·

80 2898 124 2945 per
137 2882 280 2947 quemfecit
296 2890 320 2930 et
336 2883 445 2943 saecula3
461 2883 504 2947 qui
534 2884 652 2942 manebis,
678 2891 703 2931 et
730 2896 816 2930 omnes
836 2885 864 2927 ut
886 2878 957 2925 vesti·

80 2961 136 2994 cum
160 2947 192 2994 sit
219 2946 335 3009 splendor
361 2947 453 3010 gioriae,
479 2955 504 2995 et
534 2956 644 2996 mentum
662 2951 829 2995 veterascente
851 2949 876 2991 et
891 2941 957 2990 velut

80 3009 157 3072 figura
167 3008 309 3059 substantiae
320 3010 380 3073 ejus,
392 3019 504 3074 portans-
534 3012 650 3060 amictum
661 3009 767 3059 mutabis
778 3024 828 3068 eos,
842 3015 866 3056 et
879 3012 957 3054 muta·

81 3089 128 3136 que
144 3075 228 3123 omnia
243 3074 319 3123 verbo
330 3076 427 3123 virtutis
442 3091 500 3134 suae,
533 3076 625 3124 buntur
637 3093 643 3124 r
655 3081 774 3123 tuautem
783 3071 914 3136 idemipse
923 3085 963 3128 es,

83 3138 252 3201 purgationem
283 3147 438 3203 peccatorum
467 3139 501 3189 fa·
533 3149 557 3192 et
569 3140 630 3192 anni
640 3140 681 3193 tui
689 3157 746 3193 non
755 3138 886 3192 deirdrent„

139 3211 175 3262 35
