<?xml version="1.0" encoding="UTF-8"?>
<!DOCTYPE html PUBLIC "-//W3C//DTD XHTML 1.0 Transitional//EN"
    "http://www.w3.org/TR/xhtml1/DTD/xhtml1-transitional.dtd">
<html xmlns="http://www.w3.org/1999/xhtml" xml:lang="en" lang="en">
 <head>
  <title>
</title>
<meta http-equiv="Content-Type" content="text/html;charset=utf-8" />
  <meta name='ocr-system' content='tesseract 3.04.00' />
  <meta name='ocr-capabilities' content='ocr_page ocr_carea ocr_par ocr_line ocrx_word'/>
</head>
<body>
  <div class='ocr_page' id='page_1' title='image "./liberprecumpubl00briggoog_0277.png"; bbox 0 0 2092 3450; ppageno 0'>
   <div class='ocr_carea' id='block_1_1' title="bbox 81 141 961 212">
    <p class='ocr_par' dir='ltr' id='par_1_1' title="bbox 81 141 961 212">
     <span class='ocr_line' id='line_1_1' title="bbox 81 141 961 212; baseline 0.009 -20"><span class='ocrx_word' id='word_1_1' title='bbox 81 141 190 192; x_wconf 62' lang='lat' dir='ltr'>nasu.</span> <span class='ocrx_word' id='word_1_2' title='bbox 455 145 565 212; x_wconf 60' lang='lat' dir='ltr'>{acuat</span> <span class='ocrx_word' id='word_1_3' title='bbox 842 152 961 202; x_wconf 74' lang='lat' dir='ltr'>AdMat.</span> 
     </span>
    </p>
   </div>
   <div class='ocr_carea' id='block_1_2' title="bbox 78 300 968 3186">
    <p class='ocr_par' dir='ltr' id='par_1_2' title="bbox 85 300 968 416">
     <span class='ocr_line' id='line_1_2' title="bbox 85 300 968 367; baseline 0 -17"><span class='ocrx_word' id='word_1_4' title='bbox 85 300 149 350; x_wconf 88' lang='lat' dir='ltr'>dasti</span> <span class='ocrx_word' id='word_1_5' title='bbox 168 318 174 350; x_wconf 72' lang='grc' dir='ltr'><strong><em>ε</em></strong></span> <span class='ocrx_word' id='word_1_6' title='bbox 190 309 214 351; x_wconf 89' lang='lat' dir='ltr'>et</span> <span class='ocrx_word' id='word_1_7' title='bbox 226 317 351 366; x_wconf 84' lang='lat' dir='ltr'>synagoga</span> <span class='ocrx_word' id='word_1_8' title='bbox 363 302 512 367; x_wconf 88' lang='lat' dir='ltr'>populomm</span> <span class='ocrx_word' id='word_1_9' title='bbox 542 300 605 350; x_wconf 90' lang='lat' dir='ltr'>tium</span> <span class='ocrx_word' id='word_1_10' title='bbox 615 300 738 366; x_wconf 84' lang='lat' dir='ltr'>perfecisti</span> <span class='ocrx_word' id='word_1_11' title='bbox 753 300 855 351; x_wconf 86' lang='lat' dir='ltr'>laudem</span> <span class='ocrx_word' id='word_1_12' title='bbox 867 307 968 365; x_wconf 82' lang='lat' dir='ltr'>propter</span> 
     </span>
     <span class='ocr_line' id='line_1_3' title="bbox 85 364 967 416; baseline 0 -2"><span class='ocrx_word' id='word_1_13' title='bbox 85 366 247 416; x_wconf 89' lang='lat' dir='ltr'>circumdabit</span> <span class='ocrx_word' id='word_1_14' title='bbox 258 373 289 416; x_wconf 84' lang='lat' dir='ltr'>te</span> <span class='ocrx_word' id='word_1_15' title='bbox 500 374 502 377; x_wconf 85' lang='lat'>&#39;</span> <span class='ocrx_word' id='word_1_16' title='bbox 541 365 654 415; x_wconf 89' lang='lat' dir='ltr'>inimicos</span> <span class='ocrx_word' id='word_1_17' title='bbox 665 372 721 415; x_wconf 90' lang='lat' dir='ltr'>tuos</span> <span class='ocrx_word' id='word_1_18' title='bbox 740 383 747 416; x_wconf 75' lang='grc' dir='ltr'><strong><em>ε</em></strong></span> <span class='ocrx_word' id='word_1_19' title='bbox 763 372 791 414; x_wconf 92' lang='lat' dir='ltr'>ut</span> <span class='ocrx_word' id='word_1_20' title='bbox 799 366 912 415; x_wconf 87' lang='lat' dir='ltr'>destruas</span> <span class='ocrx_word' id='word_1_21' title='bbox 922 364 967 414; x_wconf 86' lang='lat' dir='ltr'>ini·</span> 
     </span>
    </p>

    <p class='ocr_par' dir='ltr' id='par_1_3' title="bbox 85 429 966 623">
     <span class='ocr_line' id='line_1_4' title="bbox 118 429 793 496; baseline 0 -17"><span class='ocrx_word' id='word_1_22' title='bbox 118 430 152 479; x_wconf 90' lang='lat' dir='ltr'>Et</span> <span class='ocrx_word' id='word_1_23' title='bbox 177 437 278 496; x_wconf 89' lang='lat' dir='ltr'>propter</span> <span class='ocrx_word' id='word_1_24' title='bbox 298 429 363 479; x_wconf 88' lang='lat' dir='ltr'>hanc</span> <span class='ocrx_word' id='word_1_25' title='bbox 385 429 411 479; x_wconf 92' lang='lat' dir='ltr'>in</span> <span class='ocrx_word' id='word_1_26' title='bbox 433 431 509 479; x_wconf 91' lang='lat' dir='ltr'>altum</span> <span class='ocrx_word' id='word_1_27' title='bbox 541 430 634 479; x_wconf 90' lang='lat' dir='ltr'>micum</span> <span class='ocrx_word' id='word_1_28' title='bbox 646 437 670 479; x_wconf 91' lang='lat' dir='ltr'>et</span> <span class='ocrx_word' id='word_1_29' title='bbox 681 430 793 479; x_wconf 87' lang='lat' dir='ltr'>ultorem</span> 
     </span>
     <span class='ocr_line' id='line_1_5' title="bbox 85 493 964 559; baseline 0.001 -17"><span class='ocrx_word' id='word_1_30' title='bbox 85 495 213 557; x_wconf 84' lang='lat' dir='ltr'>regredere</span> <span class='ocrx_word' id='word_1_31' title='bbox 241 513 247 544; x_wconf 74' lang='grc' dir='ltr'><strong><em>ε</em></strong></span> <span class='ocrx_word' id='word_1_32' title='bbox 275 494 399 544; x_wconf 88' lang='lat' dir='ltr'>Dominus</span> <span class='ocrx_word' id='word_1_33' title='bbox 415 495 511 559; x_wconf 86' lang='lat' dir='ltr'>judicat</span> <span class='ocrx_word' id='word_1_34' title='bbox 574 495 699 557; x_wconf 84' lang='lat' dir='ltr'><strong>Quoniam</strong></span> <span class='ocrx_word' id='word_1_35' title='bbox 710 495 801 543; x_wconf 89' lang='lat' dir='ltr'>videbo</span> <span class='ocrx_word' id='word_1_36' title='bbox 814 493 892 544; x_wconf 91' lang='lat' dir='ltr'>coelos</span> <span class='ocrx_word' id='word_1_37' title='bbox 903 502 964 553; x_wconf 89' lang='lat' dir='ltr'>tuos,</span> 
     </span>
     <span class='ocr_line' id='line_1_6' title="bbox 85 559 966 623; baseline 0.001 -16"><span class='ocrx_word' id='word_1_38' title='bbox 85 559 197 623; x_wconf 89' lang='lat' dir='ltr'>populos.</span> <span class='ocrx_word' id='word_1_39' title='bbox 541 574 617 622; x_wconf 91' lang='lat' dir='ltr'>opera</span> <span class='ocrx_word' id='word_1_40' title='bbox 632 560 766 622; x_wconf 85' lang='lat' dir='ltr'>digitorum</span> <span class='ocrx_word' id='word_1_41' title='bbox 783 567 882 608; x_wconf 89' lang='lat' dir='ltr'>tuomm</span> <span class='ocrx_word' id='word_1_42' title='bbox 905 577 913 608; x_wconf 72' lang='grc' dir='ltr'><strong><em>ε</em></strong></span> <span class='ocrx_word' id='word_1_43' title='bbox 932 559 966 608; x_wconf 90' lang='lat' dir='ltr'>lu·</span> 
     </span>
    </p>

    <p class='ocr_par' dir='ltr' id='par_1_4' title="bbox 84 623 967 878">
     <span class='ocr_line' id='line_1_7' title="bbox 116 623 962 688; baseline 0.001 -17"><span class='ocrx_word' id='word_1_44' title='bbox 116 624 205 686; x_wconf 88' lang='lat' dir='ltr'>Judica</span> <span class='ocrx_word' id='word_1_45' title='bbox 221 639 268 683; x_wconf 87' lang='lat' dir='ltr'>me,</span> <span class='ocrx_word' id='word_1_46' title='bbox 289 623 405 685; x_wconf 83' lang='lat' dir='ltr'>Domine,</span> <span class='ocrx_word' id='word_1_47' title='bbox 425 640 509 673; x_wconf 91' lang='lat' dir='ltr'>secun·</span> <span class='ocrx_word' id='word_1_48' title='bbox 541 640 599 672; x_wconf 88' lang='lat' dir='ltr'>nam</span> <span class='ocrx_word' id='word_1_49' title='bbox 610 630 635 672; x_wconf 89' lang='lat' dir='ltr'>ct</span> <span class='ocrx_word' id='word_1_50' title='bbox 645 623 728 672; x_wconf 86' lang='lat' dir='ltr'>stellas</span> <span class='ocrx_word' id='word_1_51' title='bbox 739 639 795 688; x_wconf 86' lang='lat' dir='ltr'>quae</span> <span class='ocrx_word' id='word_1_52' title='bbox 806 631 834 672; x_wconf 89' lang='lat' dir='ltr'>tu</span> <span class='ocrx_word' id='word_1_53' title='bbox 848 623 962 672; x_wconf 81' lang='lat' dir='ltr'>fundasti.</span> 
     </span>
     <span class='ocr_line' id='line_1_8' title="bbox 84 687 967 752; baseline 0.001 -18"><span class='ocrx_word' id='word_1_54' title='bbox 84 687 145 735; x_wconf 89' lang='lat' dir='ltr'>dnm</span> <span class='ocrx_word' id='word_1_55' title='bbox 158 687 279 751; x_wconf 89' lang='lat' dir='ltr'>justitiam</span> <span class='ocrx_word' id='word_1_56' title='bbox 296 704 377 736; x_wconf 90' lang='lat' dir='ltr'>meam</span> <span class='ocrx_word' id='word_1_57' title='bbox 400 706 407 738; x_wconf 76' lang='lat' dir='ltr'>r</span> <span class='ocrx_word' id='word_1_58' title='bbox 429 697 454 738; x_wconf 92' lang='lat' dir='ltr'>et</span> <span class='ocrx_word' id='word_1_59' title='bbox 473 705 509 737; x_wconf 88' lang='lat' dir='ltr'>se·</span> <span class='ocrx_word' id='word_1_60' title='bbox 574 688 640 750; x_wconf 89' lang='lat' dir='ltr'>Quid</span> <span class='ocrx_word' id='word_1_61' title='bbox 652 696 689 737; x_wconf 92' lang='lat' dir='ltr'>est</span> <span class='ocrx_word' id='word_1_62' title='bbox 700 688 783 746; x_wconf 92' lang='lat' dir='ltr'>homo,</span> <span class='ocrx_word' id='word_1_63' title='bbox 794 689 862 752; x_wconf 92' lang='lat' dir='ltr'>quod</span> <span class='ocrx_word' id='word_1_64' title='bbox 873 703 967 736; x_wconf 90' lang='lat' dir='ltr'>memor</span> 
     </span>
     <span class='ocr_line' id='line_1_9' title="bbox 85 752 964 816; baseline 0.002 -17"><span class='ocrx_word' id='word_1_65' title='bbox 85 753 193 800; x_wconf 88' lang='lat' dir='ltr'>cundum</span> <span class='ocrx_word' id='word_1_66' title='bbox 228 752 394 801; x_wconf 84' lang='lat' dir='ltr'>innocentiam</span> <span class='ocrx_word' id='word_1_67' title='bbox 429 769 510 802; x_wconf 79' lang='lat' dir='ltr'>meam</span> <span class='ocrx_word' id='word_1_68' title='bbox 541 753 648 816; x_wconf 86' lang='lat' dir='ltr'>esejus?</span> <span class='ocrx_word' id='word_1_69' title='bbox 663 760 705 800; x_wconf 88' lang='lat' dir='ltr'>aut</span> <span class='ocrx_word' id='word_1_70' title='bbox 717 752 898 801; x_wconf 88' lang='lat' dir='ltr'>tiliushominis</span> <span class='ocrx_word' id='word_1_71' title='bbox 907 767 964 816; x_wconf 94' lang='lat' dir='ltr'>quo-</span> 
     </span>
     <span class='ocr_line' id='line_1_10' title="bbox 85 817 788 878; baseline 0.001 -15"><span class='ocrx_word' id='word_1_72' title='bbox 85 831 158 878; x_wconf 88' lang='lat' dir='ltr'>super</span> <span class='ocrx_word' id='word_1_73' title='bbox 168 831 215 865; x_wconf 93' lang='lat' dir='ltr'>me.</span> <span class='ocrx_word' id='word_1_74' title='bbox 540 817 608 865; x_wconf 88' lang='lat' dir='ltr'>niam</span> <span class='ocrx_word' id='word_1_75' title='bbox 618 817 702 865; x_wconf 86' lang='lat' dir='ltr'>visitas</span> <span class='ocrx_word' id='word_1_76' title='bbox 713 818 788 865; x_wconf 87' lang='lat' dir='ltr'>eum?</span> 
     </span>
    </p>

    <p class='ocr_par' dir='ltr' id='par_1_5' title="bbox 84 879 965 1060">
     <span class='ocr_line' id='line_1_11' title="bbox 118 879 964 946; baseline 0.001 -19"><span class='ocrx_word' id='word_1_77' title='bbox 118 879 282 929; x_wconf 91' lang='lat' dir='ltr'>Consumetur</span> <span class='ocrx_word' id='word_1_78' title='bbox 297 882 408 945; x_wconf 84' lang='lat' dir='ltr'>nequitia</span> <span class='ocrx_word' id='word_1_79' title='bbox 423 898 509 946; x_wconf 90' lang='lat' dir='ltr'>pecca·</span> <span class='ocrx_word' id='word_1_80' title='bbox 573 881 686 930; x_wconf 89' lang='lat' dir='ltr'>Minuisti</span> <span class='ocrx_word' id='word_1_81' title='bbox 698 896 754 930; x_wconf 91' lang='lat' dir='ltr'>eum</span> <span class='ocrx_word' id='word_1_82' title='bbox 765 881 924 944; x_wconf 86' lang='lat' dir='ltr'>paulominus</span> <span class='ocrx_word' id='word_1_83' title='bbox 935 881 964 929; x_wconf 87' lang='lat' dir='ltr'>ab</span> 
     </span>
     <span class='ocr_line' id='line_1_12' title="bbox 84 945 964 1009; baseline 0.003 -18"><span class='ocrx_word' id='word_1_84' title='bbox 84 950 172 1004; x_wconf 84' lang='lat' dir='ltr'>torum,</span> <span class='ocrx_word' id='word_1_85' title='bbox 185 953 209 993; x_wconf 95' lang='lat' dir='ltr'>et</span> <span class='ocrx_word' id='word_1_86' title='bbox 219 945 310 1009; x_wconf 86' lang='lat' dir='ltr'>diriges</span> <span class='ocrx_word' id='word_1_87' title='bbox 319 947 412 1009; x_wconf 88' lang='lat' dir='ltr'>justum</span> <span class='ocrx_word' id='word_1_88' title='bbox 427 963 509 997; x_wconf 90' lang='lat' dir='ltr'>:scru·</span> <span class='ocrx_word' id='word_1_89' title='bbox 540 945 641 1008; x_wconf 85' lang='lat' dir='ltr'>angelis,</span> <span class='ocrx_word' id='word_1_90' title='bbox 654 946 733 1008; x_wconf 84' lang='lat' dir='ltr'>gloria</span> <span class='ocrx_word' id='word_1_91' title='bbox 749 953 774 994; x_wconf 92' lang='lat' dir='ltr'>et</span> <span class='ocrx_word' id='word_1_92' title='bbox 788 945 884 1007; x_wconf 89' lang='lat' dir='ltr'>hpnore</span> <span class='ocrx_word' id='word_1_93' title='bbox 898 961 964 994; x_wconf 90' lang='lat' dir='ltr'>coro-</span> 
     </span>
     <span class='ocr_line' id='line_1_13' title="bbox 85 1010 965 1060; baseline 0.003 -5"><span class='ocrx_word' id='word_1_94' title='bbox 85 1015 139 1056; x_wconf 88' lang='lat' dir='ltr'>tans</span> <span class='ocrx_word' id='word_1_95' title='bbox 150 1010 225 1057; x_wconf 89' lang='lat' dir='ltr'>corda</span> <span class='ocrx_word' id='word_1_96' title='bbox 236 1017 259 1058; x_wconf 89' lang='lat' dir='ltr'>et</span> <span class='ocrx_word' id='word_1_97' title='bbox 271 1027 341 1059; x_wconf 89' lang='lat' dir='ltr'>rencs</span> <span class='ocrx_word' id='word_1_98' title='bbox 353 1012 428 1060; x_wconf 91' lang='lat' dir='ltr'>Deus.</span> <span class='ocrx_word' id='word_1_99' title='bbox 539 1010 604 1058; x_wconf 85' lang='lat' dir='ltr'>nasti</span> <span class='ocrx_word' id='word_1_100' title='bbox 615 1026 672 1058; x_wconf 91' lang='lat' dir='ltr'>eum</span> <span class='ocrx_word' id='word_1_101' title='bbox 692 1027 699 1058; x_wconf 74' lang='grc' dir='ltr'><strong><em>ε</em></strong></span> <span class='ocrx_word' id='word_1_102' title='bbox 716 1017 741 1058; x_wconf 90' lang='lat' dir='ltr'>et</span> <span class='ocrx_word' id='word_1_103' title='bbox 751 1010 899 1058; x_wconf 89' lang='lat' dir='ltr'>constituisti</span> <span class='ocrx_word' id='word_1_104' title='bbox 910 1025 965 1058; x_wconf 90' lang='lat' dir='ltr'>eum</span> 
     </span>
    </p>

    <p class='ocr_par' dir='ltr' id='par_1_6' title="bbox 84 1073 965 1265">
     <span class='ocr_line' id='line_1_14' title="bbox 115 1073 943 1137; baseline 0.004 -17"><span class='ocrx_word' id='word_1_105' title='bbox 115 1073 213 1135; x_wconf 90' lang='lat' dir='ltr'>Justum</span> <span class='ocrx_word' id='word_1_106' title='bbox 230 1075 379 1137; x_wconf 85' lang='lat' dir='ltr'>adjutorium</span> <span class='ocrx_word' id='word_1_107' title='bbox 395 1092 477 1124; x_wconf 90' lang='lat' dir='ltr'>meum</span> <span class='ocrx_word' id='word_1_108' title='bbox 495 1093 510 1124; x_wconf 88' lang='lat' dir='ltr'>a</span> <span class='ocrx_word' id='word_1_109' title='bbox 540 1090 613 1137; x_wconf 88' lang='lat' dir='ltr'>super</span> <span class='ocrx_word' id='word_1_110' title='bbox 623 1090 699 1137; x_wconf 91' lang='lat' dir='ltr'>opera</span> <span class='ocrx_word' id='word_1_111' title='bbox 709 1089 827 1122; x_wconf 86' lang='lat' dir='ltr'>manuum</span> <span class='ocrx_word' id='word_1_112' title='bbox 838 1082 943 1123; x_wconf 88' lang='lat' dir='ltr'>tuarum.</span> 
     </span>
     <span class='ocr_line' id='line_1_15' title="bbox 85 1137 965 1203; baseline 0.002 -19"><span class='ocrx_word' id='word_1_113' title='bbox 85 1137 195 1186; x_wconf 90' lang='lat' dir='ltr'>Domino</span> <span class='ocrx_word' id='word_1_114' title='bbox 210 1157 216 1187; x_wconf 71' lang='grc' dir='ltr'><strong><em>ε</em></strong></span> <span class='ocrx_word' id='word_1_115' title='bbox 228 1141 271 1203; x_wconf 92' lang='lat' dir='ltr'>qui</span> <span class='ocrx_word' id='word_1_116' title='bbox 278 1139 358 1188; x_wconf 90' lang='lat' dir='ltr'>salvos</span> <span class='ocrx_word' id='word_1_117' title='bbox 366 1140 424 1188; x_wconf 88' lang='lat' dir='ltr'>facit</span> <span class='ocrx_word' id='word_1_118' title='bbox 431 1148 509 1189; x_wconf 90' lang='lat' dir='ltr'>rectos</span> <span class='ocrx_word' id='word_1_119' title='bbox 573 1139 665 1187; x_wconf 87' lang='lat' dir='ltr'>Omnia</span> <span class='ocrx_word' id='word_1_120' title='bbox 673 1138 798 1202; x_wconf 89' lang='lat' dir='ltr'>subjecisti</span> <span class='ocrx_word' id='word_1_121' title='bbox 805 1139 853 1187; x_wconf 93' lang='lat' dir='ltr'>sub</span> <span class='ocrx_word' id='word_1_122' title='bbox 861 1138 965 1202; x_wconf 81' lang='lat' dir='ltr'>pedibus</span> 
     </span>
     <span class='ocr_line' id='line_1_16' title="bbox 84 1202 964 1265; baseline 0.001 -16"><span class='ocrx_word' id='word_1_123' title='bbox 84 1203 165 1251; x_wconf 91' lang='lat' dir='ltr'>corde.</span> <span class='ocrx_word' id='word_1_124' title='bbox 539 1202 599 1265; x_wconf 88' lang='lat' dir='ltr'>ejus,</span> <span class='ocrx_word' id='word_1_125' title='bbox 613 1219 672 1252; x_wconf 91' lang='lat' dir='ltr'>oves</span> <span class='ocrx_word' id='word_1_126' title='bbox 687 1209 711 1252; x_wconf 92' lang='lat' dir='ltr'>et</span> <span class='ocrx_word' id='word_1_127' title='bbox 727 1204 803 1251; x_wconf 89' lang='lat' dir='ltr'>boves</span> <span class='ocrx_word' id='word_1_128' title='bbox 814 1203 940 1252; x_wconf 87' lang='lat' dir='ltr'>universas</span> <span class='ocrx_word' id='word_1_129' title='bbox 959 1222 964 1250; x_wconf 94' lang='lat'>:</span> 
     </span>
    </p>

    <p class='ocr_par' dir='ltr' id='par_1_7' title="bbox 84 1267 964 1460">
     <span class='ocr_line' id='line_1_17' title="bbox 117 1267 875 1331; baseline 0.003 -17"><span class='ocrx_word' id='word_1_130' title='bbox 117 1267 185 1316; x_wconf 90' lang='lat' dir='ltr'>Deus</span> <span class='ocrx_word' id='word_1_131' title='bbox 200 1268 280 1331; x_wconf 90' lang='lat' dir='ltr'>Judex</span> <span class='ocrx_word' id='word_1_132' title='bbox 293 1268 380 1331; x_wconf 89' lang='lat' dir='ltr'>justus,</span> <span class='ocrx_word' id='word_1_133' title='bbox 394 1269 470 1328; x_wconf 88' lang='lat' dir='ltr'>fortis,</span> <span class='ocrx_word' id='word_1_134' title='bbox 485 1277 509 1318; x_wconf 90' lang='lat' dir='ltr'>et</span> <span class='ocrx_word' id='word_1_135' title='bbox 539 1267 639 1330; x_wconf 87' lang='lat' dir='ltr'>insuper</span> <span class='ocrx_word' id='word_1_136' title='bbox 650 1274 674 1315; x_wconf 90' lang='lat' dir='ltr'>et</span> <span class='ocrx_word' id='word_1_137' title='bbox 685 1283 775 1331; x_wconf 90' lang='lat' dir='ltr'>pecora</span> <span class='ocrx_word' id='word_1_138' title='bbox 786 1267 875 1331; x_wconf 84' lang='lat' dir='ltr'>campi.</span> 
     </span>
     <span class='ocr_line' id='line_1_18' title="bbox 84 1331 964 1399; baseline 0.002 -21"><span class='ocrx_word' id='word_1_139' title='bbox 84 1331 179 1393; x_wconf 85' lang='lat' dir='ltr'>patiens</span> <span class='ocrx_word' id='word_1_140' title='bbox 195 1334 333 1396; x_wconf 88' lang='lat' dir='ltr'>:numquid</span> <span class='ocrx_word' id='word_1_141' title='bbox 344 1334 456 1382; x_wconf 87' lang='lat' dir='ltr'>irascitur</span> <span class='ocrx_word' id='word_1_142' title='bbox 466 1351 510 1399; x_wconf 89' lang='lat' dir='ltr'>per</span> <span class='ocrx_word' id='word_1_143' title='bbox 572 1332 690 1380; x_wconf 89' lang='lat' dir='ltr'>Volucres</span> <span class='ocrx_word' id='word_1_144' title='bbox 701 1331 765 1390; x_wconf 88' lang='lat' dir='ltr'>coeli,</span> <span class='ocrx_word' id='word_1_145' title='bbox 780 1339 805 1381; x_wconf 90' lang='lat' dir='ltr'>et</span> <span class='ocrx_word' id='word_1_146' title='bbox 817 1332 898 1395; x_wconf 88' lang='lat' dir='ltr'>pisces</span> <span class='ocrx_word' id='word_1_147' title='bbox 914 1347 964 1380; x_wconf 87' lang='lat' dir='ltr'>ma·</span> 
     </span>
     <span class='ocr_line' id='line_1_19' title="bbox 84 1395 963 1460; baseline 0.002 -18"><span class='ocrx_word' id='word_1_148' title='bbox 84 1396 192 1457; x_wconf 84' lang='lat' dir='ltr'>singulos</span> <span class='ocrx_word' id='word_1_149' title='bbox 206 1397 277 1445; x_wconf 81' lang='lat' dir='ltr'>dies?</span> <span class='ocrx_word' id='word_1_150' title='bbox 540 1396 572 1445; x_wconf 90' lang='lat' dir='ltr'>ris</span> <span class='ocrx_word' id='word_1_151' title='bbox 592 1414 599 1444; x_wconf 77' lang='lat' dir='ltr'>r</span> <span class='ocrx_word' id='word_1_152' title='bbox 618 1397 661 1460; x_wconf 90' lang='lat' dir='ltr'>qui</span> <span class='ocrx_word' id='word_1_153' title='bbox 677 1395 850 1460; x_wconf 85' lang='lat' dir='ltr'>perambulant</span> <span class='ocrx_word' id='word_1_154' title='bbox 866 1397 963 1445; x_wconf 87' lang='lat' dir='ltr'>semitas</span> 
     </span>
    </p>

    <p class='ocr_par' dir='ltr' id='par_1_8' title="bbox 83 1460 964 1654">
     <span class='ocr_line' id='line_1_20' title="bbox 117 1460 619 1526; baseline 0.004 -20"><span class='ocrx_word' id='word_1_155' title='bbox 117 1460 174 1508; x_wconf 93' lang='lat' dir='ltr'>Nisi</span> <span class='ocrx_word' id='word_1_156' title='bbox 196 1461 307 1510; x_wconf 90' lang='lat' dir='ltr'>conversi</span> <span class='ocrx_word' id='word_1_157' title='bbox 332 1462 432 1522; x_wconf 87' lang='lat' dir='ltr'>fueritis,</span> <span class='ocrx_word' id='word_1_158' title='bbox 456 1464 508 1526; x_wconf 86' lang='lat' dir='ltr'>gla-</span> <span class='ocrx_word' id='word_1_159' title='bbox 538 1461 619 1509; x_wconf 85' lang='lat' dir='ltr'>maris.</span> 
     </span>
     <span class='ocr_line' id='line_1_21' title="bbox 83 1523 964 1576; baseline 0.005 -6"><span class='ocrx_word' id='word_1_160' title='bbox 83 1523 152 1571; x_wconf 91' lang='lat' dir='ltr'>dium</span> <span class='ocrx_word' id='word_1_161' title='bbox 173 1540 244 1573; x_wconf 90' lang='lat' dir='ltr'>suurn</span> <span class='ocrx_word' id='word_1_162' title='bbox 267 1527 372 1574; x_wconf 88' lang='lat' dir='ltr'>vibravit</span> <span class='ocrx_word' id='word_1_163' title='bbox 397 1545 403 1576; x_wconf 73' lang='grc' dir='ltr'><strong>ι</strong></span> <span class='ocrx_word' id='word_1_164' title='bbox 425 1543 508 1576; x_wconf 90' lang='lat' dir='ltr'>arcum</span> <span class='ocrx_word' id='word_1_165' title='bbox 571 1525 680 1573; x_wconf 89' lang='lat' dir='ltr'>Domine</span> <span class='ocrx_word' id='word_1_166' title='bbox 707 1525 831 1574; x_wconf 90' lang='lat' dir='ltr'>Dominus</span> <span class='ocrx_word' id='word_1_167' title='bbox 855 1531 964 1574; x_wconf 83' lang='lat' dir='ltr'>noster:</span> 
     </span>
     <span class='ocr_line' id='line_1_22' title="bbox 83 1590 962 1654; baseline 0.002 -19"><span class='ocrx_word' id='word_1_168' title='bbox 83 1603 154 1635; x_wconf 89' lang='lat' dir='ltr'>suum</span> <span class='ocrx_word' id='word_1_169' title='bbox 163 1590 274 1649; x_wconf 87' lang='lat' dir='ltr'>tetendit,</span> <span class='ocrx_word' id='word_1_170' title='bbox 285 1597 309 1638; x_wconf 90' lang='lat' dir='ltr'>et</span> <span class='ocrx_word' id='word_1_171' title='bbox 320 1592 415 1654; x_wconf 87' lang='lat' dir='ltr'>paravit</span> <span class='ocrx_word' id='word_1_172' title='bbox 426 1592 503 1640; x_wconf 91' lang='lat' dir='ltr'>illum.</span> <span class='ocrx_word' id='word_1_173' title='bbox 539 1605 614 1652; x_wconf 87' lang='lat' dir='ltr'>quam</span> <span class='ocrx_word' id='word_1_174' title='bbox 635 1590 780 1638; x_wconf 86' lang='lat' dir='ltr'>admirabile</span> <span class='ocrx_word' id='word_1_175' title='bbox 802 1596 839 1638; x_wconf 93' lang='lat' dir='ltr'>est</span> <span class='ocrx_word' id='word_1_176' title='bbox 864 1590 962 1638; x_wconf 88' lang='lat' dir='ltr'>Nomen</span> 
     </span>
    </p>

    <p class='ocr_par' dir='ltr' id='par_1_9' title="bbox 83 1653 860 1779">
     <span class='ocr_line' id='line_1_23' title="bbox 116 1653 860 1718; baseline 0.003 -18"><span class='ocrx_word' id='word_1_177' title='bbox 116 1653 148 1700; x_wconf 89' lang='lat' dir='ltr'>Et</span> <span class='ocrx_word' id='word_1_178' title='bbox 157 1654 184 1700; x_wconf 89' lang='lat' dir='ltr'>in</span> <span class='ocrx_word' id='word_1_179' title='bbox 192 1670 222 1701; x_wconf 90' lang='lat' dir='ltr'>eo</span> <span class='ocrx_word' id='word_1_180' title='bbox 233 1656 328 1718; x_wconf 89' lang='lat' dir='ltr'>paravit</span> <span class='ocrx_word' id='word_1_181' title='bbox 337 1671 395 1703; x_wconf 88' lang='lat' dir='ltr'>vasa</span> <span class='ocrx_word' id='word_1_182' title='bbox 403 1658 488 1705; x_wconf 90' lang='lat' dir='ltr'>mortis</span> <span class='ocrx_word' id='word_1_183' title='bbox 501 1676 506 1705; x_wconf 95' lang='lat'><strong>:</strong></span> <span class='ocrx_word' id='word_1_184' title='bbox 539 1662 607 1701; x_wconf 91' lang='lat' dir='ltr'>tuum</span> <span class='ocrx_word' id='word_1_185' title='bbox 618 1654 644 1702; x_wconf 87' lang='lat' dir='ltr'>in</span> <span class='ocrx_word' id='word_1_186' title='bbox 655 1656 768 1702; x_wconf 86' lang='lat' dir='ltr'>universa</span> <span class='ocrx_word' id='word_1_187' title='bbox 779 1662 844 1702; x_wconf 87' lang='lat' dir='ltr'>terra</span> <span class='ocrx_word' id='word_1_188' title='bbox 854 1657 860 1702; x_wconf 79' lang='lat' dir='ltr'>t</span> 
     </span>
     <span class='ocr_line' id='line_1_24' title="bbox 83 1718 492 1779; baseline 0.012 -15"><span class='ocrx_word' id='word_1_189' title='bbox 83 1718 183 1779; x_wconf 76' lang='lat' dir='ltr'>sagittas</span> <span class='ocrx_word' id='word_1_190' title='bbox 192 1734 247 1766; x_wconf 89' lang='lat' dir='ltr'>suas</span> <span class='ocrx_word' id='word_1_191' title='bbox 256 1720 397 1768; x_wconf 84' lang='lat' dir='ltr'>ardentibus</span> <span class='ocrx_word' id='word_1_192' title='bbox 407 1722 492 1770; x_wconf 85' lang='lat' dir='ltr'>effecit.</span> 
     </span>
    </p>

    <p class='ocr_par' dir='ltr' id='par_1_10' title="bbox 81 1783 926 1974">
     <span class='ocr_line' id='line_1_25' title="bbox 116 1783 869 1847; baseline 0.005 -18"><span class='ocrx_word' id='word_1_193' title='bbox 116 1783 180 1830; x_wconf 90' lang='lat' dir='ltr'>Ecce</span> <span class='ocrx_word' id='word_1_194' title='bbox 207 1784 310 1846; x_wconf 85' lang='lat' dir='ltr'>parturit</span> <span class='ocrx_word' id='word_1_195' title='bbox 340 1784 506 1847; x_wconf 89' lang='lat' dir='ltr'>injustitiam;</span> <span class='ocrx_word' id='word_1_196' title='bbox 864 1834 869 1844; x_wconf 79' lang='grc'><em>,</em></span> 
     </span>
     <span class='ocr_line' id='line_1_26' title="bbox 82 1831 926 1913; baseline 0.002 -21"><span class='ocrx_word' id='word_1_197' title='bbox 82 1847 194 1909; x_wconf 87' lang='lat' dir='ltr'>concepit</span> <span class='ocrx_word' id='word_1_198' title='bbox 214 1848 326 1896; x_wconf 90' lang='lat' dir='ltr'>dolorem</span> <span class='ocrx_word' id='word_1_199' title='bbox 346 1867 352 1896; x_wconf 75' lang='grc' dir='ltr'><em>ι</em></span> <span class='ocrx_word' id='word_1_200' title='bbox 370 1859 394 1897; x_wconf 88' lang='lat' dir='ltr'>et</span> <span class='ocrx_word' id='word_1_201' title='bbox 411 1851 506 1913; x_wconf 89' lang='lat' dir='ltr'>peperit</span> <span class='ocrx_word' id='word_1_202' title='bbox 556 1833 625 1881; x_wconf 82' lang='lat' dir='ltr'>D1Es</span> <span class='ocrx_word' id='word_1_203' title='bbox 641 1835 674 1882; x_wconf 70' lang='lat' dir='ltr'>H&gt;</span> <span class='ocrx_word' id='word_1_204' title='bbox 711 1831 752 1887; x_wconf 61' lang='grc' dir='ltr'>(ἷῖῧ</span> <span class='ocrx_word' id='word_1_205' title='bbox 763 1831 926 1894; x_wconf 64' lang='lat' dir='ltr'>ffisslllltllflss·</span> 
     </span>
     <span class='ocr_line' id='line_1_27' title="bbox 81 1910 767 1974; baseline 0.004 -18"><span class='ocrx_word' id='word_1_206' title='bbox 81 1910 242 1972; x_wconf 84' lang='lat' dir='ltr'>iniquitatem.</span> <span class='ocrx_word' id='word_1_207' title='bbox 759 1963 767 1974; x_wconf 66' lang='lat'>,</span> 
     </span>
    </p>

    <p class='ocr_par' dir='ltr' id='par_1_11' title="bbox 81 1950 961 2165">
     <span class='ocr_line' id='line_1_28' title="bbox 115 1950 846 2039; baseline 0.008 -18"><span class='ocrx_word' id='word_1_208' title='bbox 115 1976 208 2023; x_wconf 87' lang='lat' dir='ltr'>Lacum</span> <span class='ocrx_word' id='word_1_209' title='bbox 236 1978 338 2039; x_wconf 88' lang='lat' dir='ltr'>aperuit,</span> <span class='ocrx_word' id='word_1_210' title='bbox 370 1986 393 2027; x_wconf 92' lang='lat' dir='ltr'>et</span> <span class='ocrx_word' id='word_1_211' title='bbox 421 1979 505 2027; x_wconf 84' lang='lat' dir='ltr'>effodit</span> <span class='ocrx_word' id='word_1_212' title='bbox 653 1950 781 1999; x_wconf 53' lang='lat' dir='ltr'>PSALMDS</span> <span class='ocrx_word' id='word_1_213' title='bbox 799 1951 846 2000; x_wconf 75' lang='lat' dir='ltr'>IX·</span> 
     </span>
     <span class='ocr_line' id='line_1_29' title="bbox 81 2038 961 2101; baseline 0.006 -17"><span class='ocrx_word' id='word_1_214' title='bbox 81 2054 137 2086; x_wconf 88' lang='lat' dir='ltr'>eum</span> <span class='ocrx_word' id='word_1_215' title='bbox 165 2057 171 2087; x_wconf 90' lang='lat'>:</span> <span class='ocrx_word' id='word_1_216' title='bbox 194 2049 218 2087; x_wconf 90' lang='lat' dir='ltr'>et</span> <span class='ocrx_word' id='word_1_217' title='bbox 246 2042 332 2089; x_wconf 91' lang='lat' dir='ltr'>incidit</span> <span class='ocrx_word' id='word_1_218' title='bbox 358 2043 385 2090; x_wconf 90' lang='lat' dir='ltr'>in</span> <span class='ocrx_word' id='word_1_219' title='bbox 409 2043 505 2092; x_wconf 89' lang='lat' dir='ltr'>foveam</span> <span class='ocrx_word' id='word_1_220' title='bbox 597 2038 807 2089; x_wconf 91' lang='lat' dir='ltr'><strong>ONFITEBOR</strong></span> <span class='ocrx_word' id='word_1_221' title='bbox 831 2042 885 2101; x_wconf 90' lang='lat' dir='ltr'>tibi,</span> <span class='ocrx_word' id='word_1_222' title='bbox 910 2041 961 2089; x_wconf 93' lang='lat' dir='ltr'>Do-</span> 
     </span>
     <span class='ocr_line' id='line_1_30' title="bbox 81 2103 961 2165; baseline 0.009 -19"><span class='ocrx_word' id='word_1_223' title='bbox 81 2118 155 2165; x_wconf 83' lang='lat' dir='ltr'>quam</span> <span class='ocrx_word' id='word_1_224' title='bbox 167 2103 231 2153; x_wconf 82' lang='lat' dir='ltr'>fecit,</span> <span class='ocrx_word' id='word_1_225' title='bbox 617 2104 691 2162; x_wconf 90' lang='lat' dir='ltr'>mine,</span> <span class='ocrx_word' id='word_1_226' title='bbox 703 2104 729 2152; x_wconf 87' lang='lat' dir='ltr'>in</span> <span class='ocrx_word' id='word_1_227' title='bbox 740 2112 793 2153; x_wconf 90' lang='lat' dir='ltr'>toto</span> <span class='ocrx_word' id='word_1_228' title='bbox 802 2106 877 2154; x_wconf 88' lang='lat' dir='ltr'>corde</span> <span class='ocrx_word' id='word_1_229' title='bbox 885 2121 941 2154; x_wconf 90' lang='lat' dir='ltr'>meo</span> <span class='ocrx_word' id='word_1_230' title='bbox 956 2125 961 2154; x_wconf 91' lang='lat'>:</span> 
     </span>
    </p>

    <p class='ocr_par' dir='ltr' id='par_1_12' title="bbox 80 2167 961 2361">
     <span class='ocr_line' id='line_1_31' title="bbox 113 2167 930 2233; baseline 0.006 -20"><span class='ocrx_word' id='word_1_231' title='bbox 113 2167 277 2218; x_wconf 87' lang='lat' dir='ltr'>Convertetur</span> <span class='ocrx_word' id='word_1_232' title='bbox 303 2170 375 2219; x_wconf 81' lang='lat' dir='ltr'>dolor</span> <span class='ocrx_word' id='word_1_233' title='bbox 401 2171 453 2233; x_wconf 82' lang='lat' dir='ltr'>ejus</span> <span class='ocrx_word' id='word_1_234' title='bbox 480 2173 506 2219; x_wconf 82' lang='lat' dir='ltr'>in</span> <span class='ocrx_word' id='word_1_235' title='bbox 537 2167 641 2214; x_wconf 88' lang='lat' dir='ltr'>narrabo</span> <span class='ocrx_word' id='word_1_236' title='bbox 653 2169 736 2216; x_wconf 91' lang='lat' dir='ltr'>omnia</span> <span class='ocrx_word' id='word_1_237' title='bbox 747 2169 870 2218; x_wconf 90' lang='lat' dir='ltr'>mirabilia</span> <span class='ocrx_word' id='word_1_238' title='bbox 881 2178 930 2218; x_wconf 83' lang='lat' dir='ltr'>tua</span> 
     </span>
     <span class='ocr_line' id='line_1_32' title="bbox 81 2231 961 2299; baseline 0.011 -26"><span class='ocrx_word' id='word_1_239' title='bbox 81 2240 153 2294; x_wconf 82' lang='lat' dir='ltr'>caput</span> <span class='ocrx_word' id='word_1_240' title='bbox 166 2232 217 2294; x_wconf 81' lang='lat' dir='ltr'>ejus</span> <span class='ocrx_word' id='word_1_241' title='bbox 237 2251 244 2281; x_wconf 88' lang='lat'>:</span> <span class='ocrx_word' id='word_1_242' title='bbox 261 2242 285 2282; x_wconf 75' lang='lat' dir='ltr'>et</span> <span class='ocrx_word' id='word_1_243' title='bbox 299 2237 325 2283; x_wconf 76' lang='lat' dir='ltr'>in</span> <span class='ocrx_word' id='word_1_244' title='bbox 336 2236 452 2284; x_wconf 68' lang='lat' dir='ltr'>verticem</span> <span class='ocrx_word' id='word_1_245' title='bbox 469 2239 505 2299; x_wconf 73' lang='lat' dir='ltr'>ip.</span> <span class='ocrx_word' id='word_1_246' title='bbox 570 2231 686 2280; x_wconf 87' lang='lat' dir='ltr'>Laetabor</span> <span class='ocrx_word' id='word_1_247' title='bbox 699 2240 722 2280; x_wconf 89' lang='lat' dir='ltr'>et</span> <span class='ocrx_word' id='word_1_248' title='bbox 739 2234 868 2282; x_wconf 86' lang='lat' dir='ltr'>exsultabo</span> <span class='ocrx_word' id='word_1_249' title='bbox 880 2235 941 2283; x_wconf 90' lang='lat' dir='ltr'>inte</span> <span class='ocrx_word' id='word_1_250' title='bbox 955 2252 961 2282; x_wconf 74' lang='grc' dir='ltr'><em>τ</em></span> 
     </span>
     <span class='ocr_line' id='line_1_33' title="bbox 80 2295 957 2361; baseline 0.006 -19"><span class='ocrx_word' id='word_1_251' title='bbox 80 2296 129 2343; x_wconf 90' lang='lat' dir='ltr'>sius</span> <span class='ocrx_word' id='word_1_252' title='bbox 141 2296 256 2360; x_wconf 91' lang='lat' dir='ltr'>iniqnitas</span> <span class='ocrx_word' id='word_1_253' title='bbox 268 2299 319 2361; x_wconf 89' lang='lat' dir='ltr'>ejus</span> <span class='ocrx_word' id='word_1_254' title='bbox 331 2300 469 2349; x_wconf 79' lang='lat' dir='ltr'>descendet,</span> <span class='ocrx_word' id='word_1_255' title='bbox 536 2295 641 2359; x_wconf 86' lang='lat' dir='ltr'>psallam</span> <span class='ocrx_word' id='word_1_256' title='bbox 650 2296 754 2344; x_wconf 91' lang='lat' dir='ltr'>Nomini</span> <span class='ocrx_word' id='word_1_257' title='bbox 763 2305 813 2356; x_wconf 89' lang='lat' dir='ltr'>tuo,</span> <span class='ocrx_word' id='word_1_258' title='bbox 824 2299 957 2347; x_wconf 88' lang='lat' dir='ltr'>Altissime.</span> 
     </span>
    </p>

    <p class='ocr_par' dir='ltr' id='par_1_13' title="bbox 80 2360 960 2553">
     <span class='ocr_line' id='line_1_34' title="bbox 113 2360 959 2412; baseline 0.007 -5"><span class='ocrx_word' id='word_1_259' title='bbox 113 2360 258 2409; x_wconf 84' lang='lat' dir='ltr'>Confitebor</span> <span class='ocrx_word' id='word_1_260' title='bbox 282 2364 392 2411; x_wconf 91' lang='lat' dir='ltr'>Domino</span> <span class='ocrx_word' id='word_1_261' title='bbox 419 2380 505 2412; x_wconf 90' lang='lat' dir='ltr'>secun·</span> <span class='ocrx_word' id='word_1_262' title='bbox 571 2360 601 2408; x_wconf 85' lang='lat' dir='ltr'>In</span> <span class='ocrx_word' id='word_1_263' title='bbox 632 2362 798 2409; x_wconf 81' lang='lat' dir='ltr'>convertendo</span> <span class='ocrx_word' id='word_1_264' title='bbox 834 2363 959 2411; x_wconf 88' lang='lat' dir='ltr'>inimicum</span> 
     </span>
     <span class='ocr_line' id='line_1_35' title="bbox 80 2424 960 2491; baseline 0.007 -20"><span class='ocrx_word' id='word_1_265' title='bbox 80 2424 139 2472; x_wconf 89' lang='lat' dir='ltr'>dum</span> <span class='ocrx_word' id='word_1_266' title='bbox 148 2424 267 2487; x_wconf 89' lang='lat' dir='ltr'>justitiam</span> <span class='ocrx_word' id='word_1_267' title='bbox 279 2428 331 2490; x_wconf 87' lang='lat' dir='ltr'>ejus</span> <span class='ocrx_word' id='word_1_268' title='bbox 346 2446 352 2476; x_wconf 80' lang='lat' dir='ltr'>z</span> <span class='ocrx_word' id='word_1_269' title='bbox 366 2434 390 2476; x_wconf 90' lang='lat' dir='ltr'>et</span> <span class='ocrx_word' id='word_1_270' title='bbox 401 2429 505 2491; x_wconf 86' lang='lat' dir='ltr'>psallam</span> <span class='ocrx_word' id='word_1_271' title='bbox 536 2440 619 2473; x_wconf 84' lang='lat' dir='ltr'>meum</span> <span class='ocrx_word' id='word_1_272' title='bbox 630 2433 761 2473; x_wconf 81' lang='lat' dir='ltr'>retrorsum</span> <span class='ocrx_word' id='word_1_273' title='bbox 780 2444 786 2473; x_wconf 73' lang='grc' dir='ltr'><strong><em>ε</em></strong></span> <span class='ocrx_word' id='word_1_274' title='bbox 803 2425 960 2475; x_wconf 82' lang='lat' dir='ltr'>infirmabun-</span> 
     </span>
     <span class='ocr_line' id='line_1_36' title="bbox 80 2489 907 2553; baseline 0.005 -17"><span class='ocrx_word' id='word_1_275' title='bbox 80 2489 106 2536; x_wconf 93' lang='lat' dir='ltr'>N</span> <span class='ocrx_word' id='word_1_276' title='bbox 108 2490 184 2537; x_wconf 87' lang='lat' dir='ltr'>omini</span> <span class='ocrx_word' id='word_1_277' title='bbox 197 2491 300 2540; x_wconf 90' lang='lat' dir='ltr'>Domini</span> <span class='ocrx_word' id='word_1_278' title='bbox 311 2492 430 2542; x_wconf 85' lang='lat' dir='ltr'>altissimi.</span> <span class='ocrx_word' id='word_1_279' title='bbox 537 2496 582 2547; x_wconf 87' lang='lat' dir='ltr'>tur,</span> <span class='ocrx_word' id='word_1_280' title='bbox 597 2499 621 2537; x_wconf 88' lang='lat' dir='ltr'>et</span> <span class='ocrx_word' id='word_1_281' title='bbox 632 2490 747 2553; x_wconf 91' lang='lat' dir='ltr'>peribunt</span> <span class='ocrx_word' id='word_1_282' title='bbox 758 2506 773 2537; x_wconf 88' lang='lat' dir='ltr'>a</span> <span class='ocrx_word' id='word_1_283' title='bbox 784 2491 846 2538; x_wconf 85' lang='lat' dir='ltr'>facie</span> <span class='ocrx_word' id='word_1_284' title='bbox 858 2499 907 2540; x_wconf 81' lang='lat' dir='ltr'>tua</span> 
     </span>
    </p>

    <p class='ocr_par' dir='ltr' id='par_1_14' title="bbox 570 2553 961 2617">
     <span class='ocr_line' id='line_1_37' title="bbox 570 2553 961 2617; baseline 0.008 -15"><span class='ocrx_word' id='word_1_285' title='bbox 570 2553 695 2615; x_wconf 88' lang='lat' dir='ltr'>Quoniam</span> <span class='ocrx_word' id='word_1_286' title='bbox 729 2555 808 2603; x_wconf 90' lang='lat' dir='ltr'>fecisti</span> <span class='ocrx_word' id='word_1_287' title='bbox 840 2555 961 2617; x_wconf 88' lang='lat' dir='ltr'>judicium</span> 
     </span>
    </p>

    <p class='ocr_par' dir='ltr' id='par_1_15' title="bbox 144 2625 962 2810">
     <span class='ocr_line' id='line_1_38' title="bbox 183 2625 962 2748; baseline 0.003 -18"><span class='ocrx_word' id='word_1_288' title='bbox 183 2645 399 2696; x_wconf 59' lang='lat' dir='ltr'>animvm.</span> <span class='ocrx_word' id='word_1_289' title='bbox 535 2625 666 2746; x_wconf 47' lang='lat' dir='ltr'>insilii}</span> <span class='ocrx_word' id='word_1_290' title='bbox 681 2633 962 2748; x_wconf 55' lang='lat' dir='ltr'>immittitu</span> 
     </span>
     <span class='ocr_line' id='line_1_39' title="bbox 144 2747 661 2810; baseline -0.002 -13"><span class='ocrx_word' id='word_1_291' title='bbox 144 2749 264 2798; x_wconf 94' lang='lat' dir='ltr'>OMINE</span> <span class='ocrx_word' id='word_1_292' title='bbox 273 2751 396 2799; x_wconf 91' lang='lat' dir='ltr'>Dominus</span> <span class='ocrx_word' id='word_1_293' title='bbox 403 2758 486 2799; x_wconf 87' lang='lat' dir='ltr'>noster</span> <span class='ocrx_word' id='word_1_294' title='bbox 497 2770 502 2799; x_wconf 94' lang='lat'><strong>:</strong></span> <span class='ocrx_word' id='word_1_295' title='bbox 533 2747 661 2810; x_wconf 87' lang='lat' dir='ltr'>justitiam.</span> 
     </span>
    </p>

    <p class='ocr_par' dir='ltr' id='par_1_16' title="bbox 165 2811 960 2878">
     <span class='ocr_line' id='line_1_40' title="bbox 165 2811 960 2878; baseline -0.001 -16"><span class='ocrx_word' id='word_1_296' title='bbox 165 2830 240 2878; x_wconf 84' lang='lat' dir='ltr'>quam</span> <span class='ocrx_word' id='word_1_297' title='bbox 248 2815 393 2864; x_wconf 86' lang='lat' dir='ltr'>admirabile</span> <span class='ocrx_word' id='word_1_298' title='bbox 401 2823 437 2864; x_wconf 89' lang='lat' dir='ltr'>est</span> <span class='ocrx_word' id='word_1_299' title='bbox 449 2816 502 2864; x_wconf 92' lang='lat' dir='ltr'>No·</span> <span class='ocrx_word' id='word_1_300' title='bbox 568 2811 703 2875; x_wconf 88' lang='lat' dir='ltr'>Increpasti</span> <span class='ocrx_word' id='word_1_301' title='bbox 724 2820 817 2875; x_wconf 87' lang='lat' dir='ltr'>gentes,</span> <span class='ocrx_word' id='word_1_302' title='bbox 843 2819 867 2861; x_wconf 92' lang='lat' dir='ltr'>et</span> <span class='ocrx_word' id='word_1_303' title='bbox 889 2812 960 2876; x_wconf 89' lang='lat' dir='ltr'>periit</span> 
     </span>
    </p>

    <p class='ocr_par' dir='ltr' id='par_1_17' title="bbox 78 2877 961 2940">
     <span class='ocr_line' id='line_1_41' title="bbox 78 2877 961 2940; baseline 0.001 -16"><span class='ocrx_word' id='word_1_304' title='bbox 78 2893 135 2925; x_wconf 90' lang='lat' dir='ltr'>men</span> <span class='ocrx_word' id='word_1_305' title='bbox 147 2885 216 2926; x_wconf 91' lang='lat' dir='ltr'>tuum</span> <span class='ocrx_word' id='word_1_306' title='bbox 228 2879 253 2927; x_wconf 90' lang='lat' dir='ltr'>in</span> <span class='ocrx_word' id='word_1_307' title='bbox 265 2880 378 2928; x_wconf 91' lang='lat' dir='ltr'>universa</span> <span class='ocrx_word' id='word_1_308' title='bbox 389 2883 467 2928; x_wconf 82' lang='lat' dir='ltr'>terrai</span> <span class='ocrx_word' id='word_1_309' title='bbox 535 2877 624 2940; x_wconf 90' lang='lat' dir='ltr'>impius</span> <span class='ocrx_word' id='word_1_310' title='bbox 644 2894 650 2925; x_wconf 92' lang='lat'><strong>:</strong></span> <span class='ocrx_word' id='word_1_311' title='bbox 666 2892 757 2925; x_wconf 91' lang='lat' dir='ltr'>nomen</span> <span class='ocrx_word' id='word_1_312' title='bbox 774 2893 859 2926; x_wconf 89' lang='lat' dir='ltr'>eorum</span> <span class='ocrx_word' id='word_1_313' title='bbox 874 2877 961 2926; x_wconf 89' lang='lat' dir='ltr'>delesti</span> 
     </span>
    </p>

    <p class='ocr_par' dir='ltr' id='par_1_18' title="bbox 78 2942 961 3071">
     <span class='ocr_line' id='line_1_42' title="bbox 111 2942 961 3007; baseline 0 -17"><span class='ocrx_word' id='word_1_314' title='bbox 111 2942 235 3003; x_wconf 86' lang='lat' dir='ltr'>Quoniam</span> <span class='ocrx_word' id='word_1_315' title='bbox 246 2944 341 2992; x_wconf 87' lang='lat' dir='ltr'>elevata</span> <span class='ocrx_word' id='word_1_316' title='bbox 355 2952 392 2992; x_wconf 89' lang='lat' dir='ltr'>est</span> <span class='ocrx_word' id='word_1_317' title='bbox 408 2945 502 3007; x_wconf 86' lang='lat' dir='ltr'>magni·</span> <span class='ocrx_word' id='word_1_318' title='bbox 535 2942 560 2990; x_wconf 93' lang='lat' dir='ltr'>in</span> <span class='ocrx_word' id='word_1_319' title='bbox 588 2948 705 2990; x_wconf 83' lang='lat' dir='ltr'>aeternum</span> <span class='ocrx_word' id='word_1_320' title='bbox 733 2948 757 2990; x_wconf 92' lang='lat' dir='ltr'>et</span> <span class='ocrx_word' id='word_1_321' title='bbox 789 2942 815 2990; x_wconf 90' lang='lat' dir='ltr'>in</span> <span class='ocrx_word' id='word_1_322' title='bbox 843 2942 961 2993; x_wconf 82' lang='lat' dir='ltr'>saeculum</span> 
     </span>
     <span class='ocr_line' id='line_1_43' title="bbox 78 3005 623 3071; baseline 0.002 -18"><span class='ocrx_word' id='word_1_323' title='bbox 78 3005 176 3054; x_wconf 87' lang='lat' dir='ltr'>ficentia</span> <span class='ocrx_word' id='word_1_324' title='bbox 186 3014 228 3055; x_wconf 89' lang='lat' dir='ltr'>tua</span> <span class='ocrx_word' id='word_1_325' title='bbox 243 3025 249 3055; x_wconf 76' lang='grc' dir='ltr'><em>τ</em></span> <span class='ocrx_word' id='word_1_326' title='bbox 261 3024 334 3071; x_wconf 88' lang='lat' dir='ltr'>super</span> <span class='ocrx_word' id='word_1_327' title='bbox 345 3009 427 3057; x_wconf 88' lang='lat' dir='ltr'>coelos.</span> <span class='ocrx_word' id='word_1_328' title='bbox 534 3007 623 3071; x_wconf 84' lang='lat' dir='ltr'>saeculi.</span> 
     </span>
    </p>

    <p class='ocr_par' dir='ltr' id='par_1_19' title="bbox 110 3070 958 3186">
     <span class='ocr_line' id='line_1_44' title="bbox 110 3070 958 3186; baseline 0.001 -67"><span class='ocrx_word' id='word_1_329' title='bbox 110 3071 149 3119; x_wconf 83' lang='lat' dir='ltr'>Ex</span> <span class='ocrx_word' id='word_1_330' title='bbox 165 3088 207 3186; x_wconf 49' lang='lat' dir='ltr'>ogre</span> <span class='ocrx_word' id='word_1_331' title='bbox 223 3072 353 3121; x_wconf 88' lang='lat' dir='ltr'>infantiam</span> <span class='ocrx_word' id='word_1_332' title='bbox 369 3080 394 3121; x_wconf 88' lang='lat' dir='ltr'>et</span> <span class='ocrx_word' id='word_1_333' title='bbox 410 3074 500 3122; x_wconf 87' lang='lat' dir='ltr'>lacten·</span> <span class='ocrx_word' id='word_1_334' title='bbox 567 3071 664 3120; x_wconf 90' lang='lat' dir='ltr'>Inimici</span> <span class='ocrx_word' id='word_1_335' title='bbox 672 3070 812 3121; x_wconf 86' lang='lat' dir='ltr'>defecerunt</span> <span class='ocrx_word' id='word_1_336' title='bbox 823 3073 923 3121; x_wconf 83' lang='lat' dir='ltr'>frameae</span> <span class='ocrx_word' id='word_1_337' title='bbox 934 3072 958 3120; x_wconf 91' lang='lat' dir='ltr'>in</span> 
     </span>
    </p>

    <p class='ocr_par' dir='ltr' id='par_1_20' title="bbox 140 3149 170 3184">
     <span class='ocr_line' id='line_1_45' title="bbox 140 3149 170 3184; baseline 0.033 -1"><span class='ocrx_word' id='word_1_338' title='bbox 140 3149 170 3184; x_wconf 81' lang='lat'>21</span> 
     </span>
    </p>
   </div>
   <div class='ocr_carea' id='block_1_3' title="bbox 0 0 1050 3450">
    <p class='ocr_par' dir='ltr' id='par_1_21' title="bbox 0 0 1050 3450">
     <span class='ocr_line' id='line_1_46' title="bbox 0 0 1050 3450; baseline 0 1"><span class='ocrx_word' id='word_1_339' title='bbox 0 0 1050 3450; x_wconf 95' lang='lat' dir='ltr'> </span> 
     </span>
    </p>
   </div>
  </div>
 </body>
</html>
