2092 3450
321 160 356 215 {in
373 160 421 217 dit
440 161 529 217 §oniti
547 160 657 227 &iomar
674 160 799 229 (innotuit.

114 329 139 370 et
150 320 185 370 ait
195 319 262 370 iilis:
278 318 370 368 Venite
385 324 444 384 post
453 333 502 376 me,
516 323 541 366 et
573 322 598 365 et
617 315 740 379 Joannem
761 312 861 362 fratrem
883 311 944 375 ejus,
974 311 999 362 in

114 385 203 435 faciam
218 399 263 436 vos
279 383 332 433 fieri
346 383 481 448 piscatores
496 382 541 430 ho·
572 380 694 429 novicum
703 378 996 441 Zebodaeopatreeorum,

114 449 216 499 minum.
256 447 293 498 At
311 448 349 496 illi
368 447 485 496 continuo
503 462 540 494 re·
572 443 708 493 reficientes
719 443 780 491 retia
790 457 849 491 sua:
866 449 891 491 et
902 441 1000 491 vocavit

114 514 179 563 lictis
196 513 289 563 retibus
305 511 382 561 secuti
397 518 454 560 sunt
472 526 536 560 eum.
572 525 621 558 eos.
658 507 700 556 Illi
711 515 794 556 autem
803 506 894 567 statim,
908 505 999 560 relictis

117 579 150 627 Et
164 577 300 642 procedens
315 575 380 636 inde,
398 575 462 624 vidit
478 574 540 623 alios
572 573 664 621 retibus
690 578 716 621 et
737 579 814 636 patre,
839 570 918 620 secuti
944 577 1000 620 sunt

115 639 537 706 duosiratres,JacobumZebedaei,
572 653 636 686 eum.

335 751 371 813 iio
380 749 429 806 niz
440 748 529 807 thaneti
540 749 650 814 dionae
660 746 782 814 anztdt

283 841 382 899 thratia·
695 831 870 901 Etcnnriiom.

189 942 402 992 Mmrosnns
454 941 544 1006 sempr-
681 925 889 988 stoma

221 1014 290 1056 terne
306 1009 382 1067 Deus,
393 1006 542 1071 quiadma-
638 1014 776 1074 ΗΟΜΑε,
800 1030 863 1063 unus
887 1029 919 1064 ex
941 1013 999 1064 duo-

116 1072 196 1136 jorem
236 1071 448 1121 confirmationem
485 1069 544 1119 fidei
668 1078 757 1141 ἀρείω,
768 1078 811 1144 qui
821 1079 912 1127 dicitur
923 1078 1000 1142 Didy5

119 1145 231 1187 sanetum
250 1136 374 1186 Thomam
393 1134 544 1209 Apostqlum
572 1159 636 1203 mus,
648 1159 700 1192 non
716 1151 769 1192 erat
779 1159 835 1192 cum
853 1143 889 1192 eis
900 1143 1000 1208 quando

120 1211 189 1251 tuum
200 1201 232 1250 de
242 1200 417 1250 resurrectione
434 1199 492 1248 Filir
508 1199 545 1247 tui
572 1209 641 1256 venit
664 1208 742 1272 Jesus⁴
794 1208 917 1257 Dixerunt
942 1223 999 1271 ergo

120 1265 233 1314 dubitare
248 1264 399 1329 permisisti:
417 1264 458 1312 Da
473 1264 546 1312 nobis
574 1273 598 1321 ei
632 1272 674 1320 alii
709 1271 770 1321 disci
788 1272 846 1321 uli:
885 1271 999 1320 Vidimus

120 1331 155 1380 ita
163 1329 269 1395 perfecte
280 1336 305 1379 et
315 1329 368 1378 sine
383 1328 435 1377 ulla
450 1327 546 1376 dubita·
575 1337 719 1386 Dominum
767 1287 815 1385 iile
836 1343 920 1385 autem
939 1336 1000 1385 dixit

120 1395 188 1443 tione
207 1394 305 1442 credere
322 1393 348 1441 in
366 1393 458 1441 Filium
476 1399 546 1440 tuum
575 1402 629 1450 eis:
656 1401 713 1450 Nisi
734 1400 820 1449 videro
840 1401 867 1448 in
886 1401 999 1449 manibus

119 1460 134 1523 J
137 1473 205 1507 esum
214 1457 348 1517 Christum,
358 1464 385 1506 ut
392 1456 453 1505 fides
461 1464 547 1505 nostra
575 1465 628 1528 ejus
639 1464 743 1514 fixuram
760 1465 894 1524 clavorum,
909 1472 934 1514 et
944 1465 999 1514 mit-

121 1537 205 1572 coram
216 1521 546 1596 tenunquamreprehendn·
575 1538 626 1578 tam
643 1530 748 1592 digitum
769 1544 852 1578 meum
870 1529 896 1577 in
918 1529 1000 1578 locum

121 1595 167 1636 tur·
214 1586 312 1634 E¹²11d1
337 1600 391 1645 nos,
426 1585 542 1644 D⁰m¹1¹⁸‚
575 1594 708 1653 clavorum,
733 1600 758 1642 et
779 1594 877 1642 mittam
898 1608 1000 1642 manum

121 1667 166 1715 i)er
182 1650 292 1725 eundem,
306 1649 321 1713 J
324 1665 392 1724 eslim
408 1649 542 1724 Christnm
575 1674 656 1706 meam
672 1659 697 1705 in
716 1657 780 1706 latus
799 1657 859 1720 ejus,
881 1672 933 1706 non
946 1673 999 1706 cre·

122 1716 161 1764 cui
178 1722 266 1789 ῑθῗῑῑῐξῐ,
286 1730 312 1763 1¹1
328 1721 422 1789 instate
439 1713 546 1777 Splrltus
575 1724 639 1772 dam.
666 1723 698 1770 Et
707 1730 762 1785 post
772 1722 824 1770 dies
832 1729 897 1781 octo,
912 1723 1000 1771 iterum

123 1781 261 1839 Sanct1,s1t
276 1795 356 1828 omnis
367 1778 447 1827 honor
457 1786 482 1826 et
492 1779 545 1841 glo·
576 1794 644 1835 erant
663 1786 776 1850 discipuli
796 1786 847 1849 ejus
867 1787 952 1835 intus:
976 1796 1000 1834 et

121 1844 158 1891 ria
173 1858 238 1891 nunc
255 1850 280 1892 et
295 1858 340 1907 per
356 1842 440 1891 omnia
457 1842 547 1891 saecula
576 1851 799 1899 Thomascumeis,
836 1851 997 1913 venitJesus,

121 1908 272 1957 soeculorum.
294 1909 383 1978 Amen.
573 1915 655 1979 januis
671 1915 766 1974 clausis,
785 1922 809 1963 et
826 1915 893 1963 stetit
910 1915 936 1963 in
950 1930 1000 1964 me·

311 2035 315 2046 Ι
575 1980 626 2038 dio,
640 1987 664 2028 et
673 1980 751 2027 dixit:
768 1980 821 2027 Pax
829 1979 907 2028 vobis.
950 1979 999 2028 De·

264 2034 389 2102 Eprssitir.
576 2045 634 2092 inde
644 2044 704 2092 dicit
720 2044 825 2093 Thomae
837 2061 844 2092 ε
861 2042 929 2092 Infer
939 2045 999 2107 digi-

372 2150 387 2161 ,,
576 2116 629 2156 tum
644 2115 712 2157 tuum
729 2108 784 2166 huc,
802 2115 826 2156 et
841 2108 898 2156 vide
913 2123 1000 2156 manus

218 2150 260 2197 Ad
269 2150 359 2214 Ephes·
371 2166 396 2199 ¹¹·
410 2163 446 2211 Ι9·
575 2188 651 2231 meas,
665 2178 690 2220 et
701 2173 760 2220 affer
773 2187 874 2220 manum
885 2180 963 2232 tuam,
976 2181 1000 2222 et

124 2224 264 2348 FRGO
277 2238 329 2301 jam
350 2254 401 2287 non
418 2239 475 2288 estis
491 2237 548 2287 hos·
576 2237 646 2284 mitte
663 2237 689 2284 in
706 2236 769 2284 latus
785 2252 885 2284 meum:
908 2244 934 2285 et
949 2236 1000 2285 noli

152 2329 177 2349 ..A
205 2303 297 2365 piteset
305 2304 421 2352 advenae:
437 2303 480 2351 sed
489 2303 547 2351 estis
576 2316 629 2349 esse
655 2301 800 2359 incredulus,
835 2301 879 2349 sed
910 2301 996 2350 fidelis

121 2366 186 2414 cives
206 2375 353 2426 sanctorum,
377 2375 402 2415 et
418 2367 546 2415 domestici
576 2365 715 2428 Respondit
726 2365 843 2423 Thomas,
859 2373 883 2414 et
891 2365 955 2414 dixit
963 2366 999 2414 ei:

122 2430 189 2478 Dei:
206 2431 392 2492 superaedificati
409 2447 482 2494 super
492 2432 545 2479 fun·
575 2429 697 2478 Dominus
708 2445 784 2488 meus,
798 2436 822 2477 et
840 2429 909 2478 Deus
921 2444 997 2479 meus.

121 2493 263 2542 damentum
274 2495 442 2558 apostolorum
453 2503 478 2544 et
489 2511 545 2559 pro·
575 2494 645 2541 Dixit
667 2494 689 2541 ei
710 2493 801 2557 Jesus:
828 2492 895 2554 Quia
915 2495 998 2542 vidisti

139 2559 258 2617 hetarum,
280 2559 335 2622 ipso
354 2574 450 2607 summo
470 2575 545 2623 angu-
574 2573 621 2615 me,
642 2558 747 2614 Thomu,
768 2557 912 2606 credidistir
933 2559 999 2607 beati

121 2575 166 2671 iari
188 2623 270 2686 lapide
294 2623 393 2672 Christo
414 2625 491 2688 Jesu:
519 2624 545 2671 in
574 2623 617 2685 qui
638 2637 688 2671 non
705 2622 825 2679 viderunt,
845 2629 870 2669 et
889 2623 999 2671 credide·

121 2703 171 2750 quo
181 2688 261 2735 omnis
269 2687 399 2736 aedificatio
407 2695 546 2736 constructa
574 2693 637 2734 runt.
685 2686 765 2733 Multa
787 2687 888 2748 quidem
907 2694 933 2735 et
952 2687 1000 2735 alia

121 2752 206 2800 crescit
218 2752 244 2799 in
260 2752 380 2816 templum
397 2760 508 2801 sanctum
519 2753 545 2800 in
574 2751 644 2813 signa
661 2749 718 2798 fecit
733 2751 804 2813 Jesus
821 2751 846 2797 in
866 2760 999 2815 conspectu

121 2816 232 2864 Domino
244 2833 251 2865 ε
268 2816 293 2863 in
305 2832 354 2879 quo
366 2824 389 2865 et
401 2832 445 2865 vos
456 2816 545 2864 coaedi-
574 2814 749 2877 discipulorum
760 2829 868 2872 suorum,
882 2830 939 2878 quae
949 2831 999 2864 non

121 2879 227 2928 ficamini
239 2880 264 2928 in
276 2880 442 2929 habitaculum
454 2881 503 2928 Dei
519 2881 545 2928 in
574 2879 726 2942 suntscripta
736 2879 760 2925 in
769 2878 833 2926 libro
841 2879 896 2927 hoc.
935 2880 999 2929 Haec

122 2943 222 3007 Spiritu.
574 2951 656 2991 autem
668 2943 758 3006 scripta
774 2951 837 3000 sunt,
856 2951 884 2992 ut
895 2945 1000 2992 credatis

574 3008 633 3071 quia
647 3007 719 3070 Jesus
735 3015 772 3054 est
789 3006 902 3055 Christus
922 3008 1000 3058 Filius

575 3071 642 3119 Dei:
670 3078 694 3119 et
717 3078 742 3119 ut
764 3071 898 3130 credentes,
923 3074 998 3121 vitain

185 3148 233 3185 120
575 3134 830 3184 habeatisinnomine
841 3135 902 3193 ejus.
