2092 3450
161 449 360 518 titatium
389 457 419 514 et
449 452 666 517 titatiarunt
693 456 864 531 artiones

402 601 455 652 AD
472 600 640 662 mvuttsA,

159 731 227 778 Ante
239 730 301 778 duas
313 731 461 793 posteriores
474 731 587 791 Limnen,
603 747 646 780 seu
658 733 838 785 Matutinarum
851 746 875 786 et

274 820 449 883 Vesperarum,
466 821 599 870 Orationes
611 823 755 873 recitandae.

452 909 595 967 &tatiana

208 1011 256 1059 Pro
275 1011 370 1059 Pluvia.
537 1019 581 1062 tua
605 1012 651 1062 tibi
677 1019 759 1076 grates
785 1012 888 1060 reddere
915 1012 963 1060 dis·

146 1101 225 1162 EUS,
246 1101 319 1151 Pater
336 1101 449 1162 coelestis,
464 1103 506 1164 qui
538 1093 629 1152 eamn}
666 1076 713 1125 Per
732 1077 819 1142 Jesum
838 1076 964 1125 Christum

178 1166 505 1230 perFffiumtuumJesum
538 1142 676 1191 Dominum
687 1149 805 1190 nostrum.
842 1142 930 1190 Amen.

61 1229 206 1285 ,christum
245 1230 365 1280 universis
401 1246 505 1293 regnum

77 1303 148 1343 tuum
159 1300 184 1343 et
196 1293 250 1357 ejus
263 1294 384 1357 justitiam
395 1309 505 1358 ψω-
563 1261 689 1327 Tempore
701 1264 810 1315 caritatis
823 1275 847 1316 et
859 1266 938 1317 lamis.

76 1358 143 1407 tibus
155 1359 241 1407 omnia
257 1359 379 1422 corporali
389 1359 446 1408 vitae
463 1375 504 1407 ne·
605 1362 683 1422 EUS,
692 1362 766 1410 Pater
772 1361 885 1420 coelestis,
896 1360 964 1422 cujus

76 1423 334 1486 cessariapromisisti:
344 1422 432 1482 Nobis,
439 1438 505 1498 quae-
631 1426 753 1475 beneficio
769 1425 854 1489 pluvia
861 1425 961 1482 decidit,

76 1487 354 1546 sumus,inhacnostra
362 1495 506 1536 necessitate
537 1498 602 1540 terra
634 1490 661 1539 fit
694 1489 816 1553 frugifera,
847 1489 964 1537 animalia

77 1550 188 1614 pluviam
210 1550 291 1600 tribue
312 1559 507 1614 congruentem
537 1556 666 1619 piscesque
687 1554 896 1617 multiplicantur:
919 1552 964 1600 Ar-

77 1622 104 1663 ut
126 1622 198 1664 tenue
220 1614 313 1664 fructus
337 1616 369 1664 ad
397 1623 506 1664 nostram
537 1618 802 1683 flictionespopulitui,
815 1632 961 1681 quaesumus‚

78 1678 273 1728 consolationem
281 1679 430 1728 ethonorem
436 1685 507 1728 tuum
537 1684 649 1747 respice:
666 1691 691 1732 et
703 1689 793 1746 praesta
808 1689 836 1729 ut
851 1682 906 1730 haec
922 1696 964 1744 pe·

78 1744 144 1806 perci
163 1743 249 1793 iamm.
271 1742 318 1792 Per
326 1744 412 1808 Jesum
424 1743 506 1792 Chris·
538 1749 608 1796 nuria
619 1755 644 1796 et
657 1763 763 1795 annonae
780 1747 874 1806 caritas,
890 1761 964 1808 quam

79 1814 132 1856 tum
164 1808 397 1857 ominumnostrum.
415 1810 503 1857 Amen.
537 1811 770 1876 nuncpropeccatis
775 1810 840 1872 juste
849 1810 962 1873 patimur,

537 1877 563 1924 in
579 1876 676 1940 copiam
693 1883 717 1924 et
734 1875 912 1923 abundantiam
928 1889 964 1922 re·

146 1942 195 1989 Pro
208 1943 282 1992 Aeris
294 1945 432 1994 serenitate.
537 1956 592 1988 rum
612 1941 703 2004 pietate
720 1946 764 1987 tua
783 1944 962 1987 convertantur.

149 2035 270 2085 OMINE
298 2036 368 2084 Deus
395 2037 507 2100 omnipo.
539 2006 644 2080 ΡῖΟΡῗθῐ
660 2004 746 2068 Jesum
767 2003 893 2078 Christum
913 2003 964 2076 Do-

181 2106 244 2159 tens,
266 2101 309 2165 qui
329 2101 390 2149 olim
408 2108 509 2165 propter
538 2084 634 2116 minum
650 2075 768 2127 nostrum,
785 2083 825 2116 cur
841 2074 923 2115 tecum
939 2081 965 2114 rn

79 2164 210 2214 hominum
250 2165 508 2214 emtamundumuni·
539 2133 634 2182 unitate
642 2130 965 2197 SpiritusSanctisithonor

79 2243 185 2287 versum,
196 2179 358 2278 oggtanmm
366 2228 508 2278 hominibus
540 2205 564 2246 et
583 2197 669 2260 gloria,
691 2203 799 2244 nuncet
819 2211 863 2260 per
882 2198 966 2244 omnia

80 2293 198 2357 exceptis,
212 2292 372 2352 submersisti‚
387 2300 412 2341 et
422 2300 509 2356 postea
539 2260 630 2310 Μὴ
642 2261 794 2310 ⁵ae⁰u¹⁰mm
830 2263 919 2308 Amen·

79 2373 127 2421 pro
145 2357 258 2406 bonitate
277 2363 321 2405 tua
338 2356 464 2421 pollicitus
482 2373 508 2406 es

80 2437 138 2470 eum
149 2436 201 2470 non
217 2421 306 2470 iterum
322 2428 348 2471 te
364 2424 399 2469 ita
415 2421 508 2471 deletu·
644 2403 697 2451 Aut
709 2419 821 2468 sequens·

80 2501 146 2534 rum:
167 2485 299 2550 Supplices
311 2493 335 2534 te
345 2501 467 2549 rogamus,
481 2493 509 2534 ut
608 2485 687 2545 EUS,
717 2486 790 2534 Pater
819 2484 963 2542 misericors,

80 2550 194 2614 quamvis
221 2557 323 2614 propter
354 2551 509 2613 iniquitatem
640 2550 683 2613 qui
694 2556 805 2613 tempore
817 2548 901 2596 Elisaei
910 2562 966 2609 pro·

81 2622 193 2664 nostram
217 2614 295 2662 nimia
321 2614 405 2678 pluvia
426 2615 509 2663 vexari
539 2614 621 2678 phetae
632 2614 659 2662 in
671 2613 783 2663 Samaria
797 2627 913 2674 magnam
924 2626 966 2674 pe·

81 2678 163 2727 meriti
179 2678 263 2737 simus,
280 2677 457 2742 poenitentibus
473 2685 509 2726 ta·
540 2679 636 2726 nuriam
645 2685 669 2726 et
678 2678 804 2727 caritatem
812 2677 839 2724 in
848 2675 967 2723 vilitatem

82 2758 140 2791 men
160 2757 216 2791 eam
233 2743 295 2791 aeris
312 2742 405 2791 tribuas
421 2742 509 2790 sereni-
541 2749 566 2791 et
577 2743 675 2806 copiam
684 2742 765 2790 subito
774 2738 874 2788 mutasti
887 2756 893 2787 :
905 2739 966 2787 Mis·

84 2814 168 2867 tatem,
193 2813 221 2856 ut
243 2813 314 2855 terrae
336 2807 427 2855 fructus
449 2813 510 2855 tem·
541 2822 608 2855 erere
626 2806 706 2864 nobis,
729 2812 756 2853 ut
776 2803 818 2867 qui
837 2817 903 2851 nune
921 2819 967 2866 pro

84 2886 144 2933 pore
166 2878 307 2935 opportuno
328 2870 493 2934 percipiamus
505 2888 511 2918 ε
540 2870 648 2934 peccatis
659 2871 748 2916 nostris
759 2867 871 2916 similiter
881 2865 966 2931 affligi·

84 2942 108 2983 et
130 2950 176 2998 per
194 2950 296 2998 poenam
314 2935 409 2983 illatam
430 2950 512 2983 mores
542 2950 604 2994 mur,
619 2933 732 2981 similiter
742 2932 816 2981 etiam
828 2939 967 2995 opportune

84 2998 224 3060 emendare,
254 3005 279 3048 et
306 3014 353 3063 pro
383 2998 512 3048 clementia
543 2996 801 3057 relevemur5lructus
812 3004 882 3046 terrae
893 2996 968 3046 bene-

147 3072 179 3124 25
