2092 3450
93 194 153 242 Dies
163 194 271 244 XXIII.

118 333 156 382 Sit
167 333 269 384 Nomen
281 335 384 386 Domini
395 337 510 387 benedic·

82 404 152 446 tuum
168 414 216 448 :ex
226 399 274 448 hoc
284 415 350 450 nunc
361 409 386 450 et
396 403 510 467 usquein

81 461 206 512 saeculum.

114 527 140 574 A
159 527 218 576 solis
235 534 290 577 ortu
300 544 378 593 usque
395 530 428 578 ad
438 547 508 580 occa·

81 605 141 666 suut¹
157 608 164 640 τ
180 590 305 641 laudabile
329 594 430 644 Nomen
455 595 507 644 Do·

80 669 150 703 mmr.

115 718 232 768 Excelsus
243 736 317 785 super
327 737 413 771 omnes
423 731 509 786 gentes

81 783 206 857 Dominus
217 791 257 834 :et
264 801 339 850 super
347 786 422 836 coelos
430 787 509 851 gloria

80 861 141 910 ejus.

114 911 178 974 Quis
202 913 264 963 sicut
289 913 412 964 Dominus
440 916 509 965 Deus

79 984 172 1036 noster,
186 978 228 1041 qui
246 979 272 1026 in
283 979 339 1027 altis
356 979 452 1028 habitat
466 999 472 1030 ε
484 989 508 1029 et

79 1039 185 1153 humiiia
205 1042 303 1106 respicit
319 1044 345 1091 in
361 1044 426 1092 coelo
442 1052 467 1093 et
482 1045 508 1094 in

80 1111 147 1152 terra

114 1168 239 1219 Suscitans
262 1186 278 1219 a
292 1179 357 1220 terra
379 1172 479 1238 inopem
502 1191 509 1223 τ

80 1239 106 1280 et
133 1233 166 1282 de
192 1242 298 1284 stercore
326 1239 420 1300 erigens
447 1253 507 1302 pau·

78 1312 186 1360 perem:

114 1361 151 1412 Ut
162 1362 267 1412 collocet
277 1380 334 1413 eum
350 1381 406 1414 cum
418 1367 507 1430 princi·

79 1425 153 1501 pinus
168 1442 243 1476 ecum
257 1429 409 1494 principibus
419 1431 507 1494 populi

79 1504 125 1538 stu.

113 1553 165 1616 Qui
188 1555 301 1605 habitare
317 1556 375 1607 facit
399 1559 507 1608 sterilem

79 1617 106 1666 in
132 1618 209 1668 domo
240 1639 246 1670 :
271 1629 376 1670 matrem
400 1623 507 1672 filiorum

79 1680 214 1733 iaetantem.

85 1881 155 1930 Drns
168 1881 271 1933 XXIII.
308 1882 491 1950 aruinum.

175 2009 303 2060 Psnnnus
320 2010 414 2061 CXIV.

119 2121 147 2170 N
158 2122 225 2172 exitu
236 2123 312 2173 Isra'e'l
322 2124 355 2172 de
374 2125 485 2189 AEgypto
500 2144 506 2174 ε

84 2126 110 2250 Ι
150 2187 239 2237 domus
259 2189 337 2251 Jacob
359 2188 391 2237 de
414 2191 507 2254 populo

76 2248 205 2300 barbaro:

111 2315 190 2364 Facta
201 2322 238 2364 est
246 2316 335 2380 Judaea
346 2316 507 2368 sanctificatio

76 2378 130 2443 ejus
144 2397 151 2428 r
162 2379 238 2428 Isra'e'l
249 2388 358 2455 potestas
369 2381 427 2444 ejus.

111 2443 184 2493 Mare
204 2444 275 2504 vidit,
302 2453 326 2494 et
348 2445 410 2509 sugit
430 2447 506 2510 :Jor-

77 2507 152 2556 danis
162 2523 293 2558 conversus
304 2516 341 2558 est
352 2519 491 2560 retrorsum.

111 2572 212 2622 Montes
255 2573 437 2624 exsultaverunt
478 2582 507 2624 ut

77 2637 167 2712 arietes
186 2645 235 2686 :et
258 2638 334 2688 colles
358 2639 421 2688 sicut
448 2641 506 2703 agni

78 2716 171 2750 ovium

111 2765 180 2828 Quid
203 2774 240 2815 est
263 2767 316 2827 tibi,
335 2784 410 2826 mare,
438 2769 505 2833 quod

78 2829 163 2893 fugisti
183 2837 231 2880 :et
255 2837 282 2880 tu
302 2832 427 2896 Jordanis,
446 2833 505 2897 quia

78 2910 211 2944 conversus
222 2911 248 2945 es
259 2899 410 2946 retrorsum?

111 2958 212 3008 Montes
259 2960 397 3010 exsultastis
442 2961 505 3010 sicut

78 3022 192 3073 arietes:
216 3031 240 3072 et
263 3024 339 3074 colles
361 3025 425 3074 sicut
447 3027 504 3088 agni

78 3088 180 3154 ovium?

141 3164 190 3215 29³

479 194 589 261 {usnimi

845 203 890 252 Ad
904 203 969 266 usp,

575 341 600 388 A
625 340 687 390 facie
712 341 815 391 Domini
839 351 908 392 mota
931 353 967 393 est

543 410 607 453 terra
622 423 628 454 :
639 421 655 454 a
666 405 728 454 facie
740 407 789 455 Dei
797 407 884 471 Jacob.

574 469 625 532 Qui
659 471 780 520 convertit
812 477 908 535 petram
941 474 968 520 in

540 540 627 597 stagna
645 550 763 599 aquarum
778 542 821 584 :et
838 550 924 599 rupem
942 538 967 584 in

541 597 759 664 fontesaquarum.

638 756 768 835 Psnnrius
787 787 867 836 CXV.

615 900 666 950 ΟΝ
682 900 761 960 nobis,
782 901 898 960 Domine,
917 917 967 950 non

647 965 720 1014 nobis
734 981 740 1014 ε
752 966 796 1014 sed
808 965 913 1014 NomIni
924 974 967 1014 tuo

540 1029 573 1077 da
583 1028 694 1092 gloriam.

573 1093 654 1158 Super
680 1093 849 1143 misericordia
876 1100 918 1142 tua
943 1101 967 1142 et

539 1160 642 1206 veritate
659 1164 720 1207 tua:
734 1158 866 1222 nequando
884 1159 967 1207 dicant

538 1229 632 1285 gentes,
647 1222 699 1272 Ubi
711 1229 747 1272 est
759 1222 827 1271 Deus
838 1225 941 1272 eorum?

572 1286 640 1336 Deus
651 1294 733 1335 autem
744 1294 828 1336 noster
844 1287 870 1335 in
882 1286 946 1336 coelo
961 1305 967 1335 ι

538 1350 623 1399 omnia
632 1367 793 1416 quaecumque
803 1351 888 1410 voluit,
900 1350 963 1400 fecit.

574 1415 729 1464 Simulachra
747 1415 859 1478 gentium
880 1431 965 1478 argen-

539 1485 591 1527 tum
603 1487 627 1528 et
638 1496 725 1528 aurum
739 1495 832 1543 :opera
848 1495 965 1528 manuum

538 1543 674 1593 hominum.

571 1608 608 1658 Os
624 1609 724 1668 habent,
744 1616 769 1657 et
789 1624 841 1657 non
863 1608 965 1672 loquen-

539 1680 579 1721 tur
606 1690 613 1722 τ
637 1673 722 1722 oculos
741 1673 842 1732 habent,
868 1680 892 1721 et
913 1689 964 1721 non

538 1737 664 1786 videbunt.

571 1802 651 1850 Aures
668 1801 769 1861 habent,
783 1808 808 1850 et
826 1817 877 1849 non
896 1802 964 1849 audi·

538 1873 580 1914 ent
605 1883 612 1915 r
633 1881 705 1915 nares
732 1866 832 1925 habent,
862 1874 887 1913 et
914 1882 965 1913 non

538 1930 683 1979 odorabunt.

570 1995 661 2043 Manus
671 1994 771 2054 habent,
782 2001 807 2043 et
817 2010 868 2043 non
878 1994 964 2058 palpa·

537 2059 615 2119 bunt;
631 2059 707 2123 pedes
736 2059 836 2118 habent,
861 2067 886 2107 et
913 2073 963 2106 non

537 2124 699 2173 ambulabunt
724 2141 731 2173 ε
755 2139 806 2172 non
822 2123 963 2171 clamabunt

537 2188 734 2249 ingutturesuo.

571 2252 669 2302 Similes
680 2253 728 2302 illis
739 2251 800 2300 fiant
818 2253 860 2315 qui
872 2251 964 2299 faciunt

537 2333 567 2365 ea
580 2335 587 2366 ε
599 2325 623 2366 et
633 2332 719 2366 omnes
734 2317 777 2380 qui
794 2316 920 2365 confidunt
937 2315 963 2362 in

537 2396 578 2430 ers.

570 2446 666 2495 Domus
695 2444 772 2495 Israel
801 2445 908 2509 speravit
936 2445 962 2491 in

538 2510 648 2559 Domino
673 2529 679 2559 ε
701 2510 800 2573 adjutor
823 2524 909 2557 eorum
937 2516 962 2556 et

537 2583 660 2638 protector
671 2590 756 2623 eorum
767 2581 810 2622 est.

569 2639 666 2688 Domus
696 2639 782 2687 Aaron
803 2637 910 2700 speravit
935 2639 962 2684 in

537 2704 648 2753 Domino
671 2703 792 2766 :adjutor
822 2717 907 2750 eorum
937 2711 962 2750 et

536 2775 661 2833 protector
672 2782 757 2816 eorum
768 2773 812 2815 est.

570 2833 620 2895 Qui
631 2833 719 2881 timent
730 2831 868 2879 Dominum
878 2845 960 2894 spera-

535 2903 622 2946 verunt
651 2897 677 2944 in
699 2895 809 2945 Domino
835 2912 841 2943 :
863 2894 961 2958 adjutor

536 2977 621 3010 eorum
632 2968 656 3008 et
667 2965 790 3024 protector
801 2975 885 3008 eorum
897 2966 940 3008 est.

569 3024 691 3074 Dominus
701 3039 796 3073 memor
807 3023 852 3073 fuit
861 3023 940 3074 nostri
953 3042 960 3072 r

537 3097 561 3139 et
571 3089 697 3139 benedixit
709 3089 790 3138 nobis.
