2092 3450
350 171 421 230 ituria
439 171 516 226 Serta
532 169 558 224 ir
575 169 720 234 {intrauit

109 337 155 384 tibi
181 333 333 400 placuerunt.
369 333 442 383 Tunc
468 333 537 383 dixi:
566 348 684 397 magnum
706 349 779 398 super
807 330 909 382 domum
930 333 994 386 Dei:

109 401 176 449 Ecce
202 402 293 449 venio:
320 399 347 448 in
375 399 456 462 capite
479 399 537 448 libri
566 399 712 448 accedamus
729 413 786 448 cum
801 413 861 447 vero
876 397 951 447 corde
967 398 995 447 in

109 464 228 528 scriptum
237 470 274 512 est
282 462 375 512 deme:
393 464 428 513 Ut
437 462 534 522 faciam,
565 463 721 527 plenitudine
731 462 797 521 fidei,
811 463 904 526 aspersi
919 463 995 511 corda

110 529 187 587 Deus,
206 528 359 576 voluntatem
376 533 451 576 tuam.
490 526 536 577 Su·
566 543 583 576 a
604 527 754 577 conscientia
775 527 848 587 mala
871 533 896 575 et
916 526 994 576 abluti

109 593 190 657 perius
201 591 303 640 dicens:
321 591 388 653 Quia
403 590 497 641 hostias
512 597 537 640 et
567 606 655 666 corpus
671 607 736 656 aqua
751 591 852 650 munda,
866 597 995 640 teneamus

109 655 247 705 oblationes
279 661 304 704 et
336 654 537 704 holocautomata
566 670 619 704 ser
627 662 718 704 nostrae
729 655 908 704 confessionem
924 655 994 704 inde·

110 736 155 784 pro
164 727 266 783 peccato
273 719 381 780 noluisti,
391 735 437 768 nec
445 719 537 783 placita
566 671 707 769 eiiaabilem
719 719 809 781 (fidelis
825 719 892 769 enirn
903 720 994 784 estqui

108 783 536 848 sunttibi,quaesecundumlegem
565 784 723 848 repromisit),
756 791 782 834 et
811 783 994 834 consideremus

108 849 249 908 offeruntur,
280 855 340 896 tunc
369 848 438 896 dixi:
471 849 537 897 Ecce
565 849 710 897 invicemin
738 848 923 898 rovocationem
937 849 994 898 cha·

108 912 188 970 venio,
202 919 230 960 ut
246 911 343 972 faciam,
358 912 434 971 Deus,
448 912 535 961 voluu-
565 912 652 973 ritatis,
676 919 701 962 et
720 863 845 962 honorum
873 927 993 976 operum:

109 984 186 1024 tatem
207 983 290 1025 tuam:
317 976 396 1025 aufert
417 977 534 1040 primum,
565 992 617 1026 non
650 977 789 1026 deserentes
822 975 994 1026 collectionem

107 1047 135 1088 ut
143 1055 246 1103 sequens
257 1046 354 1089 statuat
391 1040 422 1090 In
432 1056 483 1104 qua
493 1056 536 1090 vo·
564 1047 682 1101 nostram,
715 1041 778 1090 simu
810 1041 994 1091 consuetudinis

108 1104 203 1154 luntate
221 1103 367 1154 sanctificati
386 1120 470 1153 sumus
491 1120 537 1181 per
565 1112 602 1154 est
611 1105 766 1170 quibusdam,
775 1105 820 1155 sed
827 1106 991 1165 consolantes,

108 1169 260 1218 oblationem
266 1169 374 1232 corporis
379 1169 438 1233 Jesu
444 1169 536 1218 Christi
565 1176 591 1218 et
604 1177 673 1219 tanto
689 1170 768 1234 magis
778 1177 873 1234 quanto
883 1169 994 1220 videritis

108 1232 193 1282 semel.
230 1233 263 1282 Et
283 1233 363 1281 omnis
381 1233 481 1298 quidem
498 1249 536 1282 sa·
566 1233 807 1299 appropinquantem
818 1233 892 1284 diem,

108 1298 193 1346 cerdos
209 1303 300 1362 praesto
311 1304 348 1346 est
364 1297 475 1361 quotidie
490 1290 536 1346 mi·
680 1318 845 1386 &angelium

108 1361 536 1425 nistrans,eteasdemsaepeofferens
816 1409 823 1423 ,
848 1357 855 1373 ’

108 1424 209 1485 hostias,
223 1440 279 1489 quae
290 1441 417 1490 nunquam
432 1433 536 1490 possunt
671 1411 698 1462 3·
711 1411 727 1476 J
728 1427 784 1461 0²¹¹·
798 1426 847 1461 ¹¹¹⁴
865 1424 885 1460 ¹·

108 1490 203 1538 auferre
232 1497 352 1554 peccata:
384 1490 427 1538 hic
453 1497 536 1539 autem
630 1487 705 1538 UNC
739 1503 753 1536 e
782 1502 799 1537 o
829 1486 993 1551 apprehendit

108 1569 183 1601 unam
215 1569 262 1618 pro
294 1554 402 1618 peccatis
432 1553 536 1603 offerens
661 1551 755 1601 Pilatus
781 1567 858 1612 esum,
873 1550 993 1615 etflagel·

107 1618 222 1678 hostiam,
237 1618 263 1666 in
274 1618 451 1682 sempiternum
467 1619 536 1666 sedet
565 1615 632 1665 lavit.
680 1616 714 1664 Et
740 1615 831 1665 milites
857 1615 995 1679 plectentes

108 1682 134 1730 in
151 1683 251 1730 dextera
268 1682 324 1742 Dei,
341 1683 373 1731 de
389 1689 478 1731 caetero
494 1698 535 1730 cx·
566 1696 684 1729 coronam
695 1680 727 1729 de
737 1680 814 1744 spinis
822 1679 993 1744 imposuerunt

108 1747 305 1809 spectansdonec
312 1754 435 1810 ponantur
441 1747 535 1795 inimici
566 1745 641 1808 capiti
658 1744 727 1807 ejus:
749 1751 774 1793 et
784 1750 853 1794 veste
869 1760 993 1808 purpurea

108 1811 160 1872 ejus
187 1811 322 1859 scabellum
352 1812 444 1875 pedum
472 1811 530 1874 ejus.
565 1809 777 1858 circumdederunt
788 1824 851 1858 eum.
880 1809 915 1857 Et
925 1808 993 1858 veni·

110 1876 168 1924 Una
189 1875 256 1924 enim
278 1875 403 1924 oblatione
421 1890 533 1924 consum·
566 1874 641 1922 ebant
667 1873 700 1921 ad
723 1889 787 1933 eum,
812 1879 837 1921 et
859 1872 993 1922 dicebant:

108 1939 184 1987 mavit
205 1939 232 1987 in
250 1939 426 2002 sempiternum
445 1940 533 1988 sancti·
566 1939 622 1987 Ave
629 1937 685 1986 Rex
693 1937 852 2000 Judaeorum:
863 1944 888 1986 et
899 1937 993 1986 dabant

108 2002 200 2051 ficatos.
232 2003 535 2052 Contestaturautemnos
566 2001 588 2050 ei
599 2002 691 2066 alapas.
728 2002 811 2050 Exivit
827 2017 887 2065 ergo
903 2001 993 2050 iterum

108 2075 133 2115 et
145 2067 251 2130 Spiritus
261 2067 372 2117 Sanctus.
399 2068 535 2132 Postquam
566 2065 660 2115 Pilatus
670 2065 743 2124 foras,
755 2074 779 2115 et
790 2066 851 2114 dicit
859 2066 909 2115 eis:
926 2067 993 2115 Ecce

108 2131 175 2178 enim
189 2131 269 2180 d'nrit:
288 2132 346 2180 Hoc
362 2139 445 2181 autem
461 2139 534 2181 testa·
564 2131 662 2180 adduco
688 2131 759 2179 vobis
786 2145 843 2179 eum
866 2129 940 2192 foras,
964 2138 993 2179 ut

108 2201 219 2243 mentum
230 2195 297 2259 quod
314 2196 535 2245 testaboradillos
565 2195 718 2257 cognoscatis
746 2195 805 2259 quia
831 2193 928 2243 nullum
955 2194 993 2244 in·

108 2271 165 2322 post
176 2260 229 2308 dies
245 2259 309 2318 illos,
323 2260 383 2308 dicit
400 2260 531 2320 Dominus,
564 2260 637 2308 venio
659 2261 686 2307 in
705 2275 735 2308 eo
755 2274 860 2308 causam
898 2259 993 2318 (Exivit

108 2323 200 2372 Dando
216 2323 283 2386 leges
299 2339 366 2372 meas
382 2323 409 2372 in
420 2324 535 2374 cordibus
564 2339 623 2386 ergo
642 2324 722 2387 Jesus,
746 2333 847 2387 portans
875 2338 993 2373 coronam

108 2403 200 2446 eorum,
219 2395 244 2436 et
263 2389 289 2436 in
308 2389 431 2437 mentibus
450 2405 534 2437 eorum
564 2389 675 2451 spineam
703 2395 728 2437 et
748 2402 899 2462 purpureum
920 2387 993 2437 vesti·

107 2451 287 2514 superscribam
314 2468 369 2501 eas:
396 2460 422 2501 et
447 2469 534 2516 pecca·
564 2453 696 2513 mentum.)
730 2452 763 2501 Et
779 2452 839 2500 d1cit
855 2451 908 2501 eis:
927 2452 994 2501 Ecce

109 2523 198 2574 torum,
223 2523 248 2565 et
270 2516 427 2580 iniquitatum
449 2533 534 2565 eorum
548 2574 551 2580 Ι
564 2517 647 2565 homo.
695 2515 760 2565 Cum
787 2531 846 2579 ergo
874 2516 994 2566 vidissent

105 2580 158 2643 jam
180 2596 231 2628 non
252 2581 400 2629 recordabor
418 2580 531 2645 amplius.
566 2596 623 2629 eum
633 2580 762 2644 pontifices
774 2587 798 2629 et
814 2580 928 2639 ministri,
943 2579 993 2629 cla·

111 2644 163 2694 Ubi
189 2652 272 2693 autem
296 2645 385 2693 horum
407 2645 534 2694 remissio:
565 2645 675 2704 mebant,
705 2646 830 2694 dicentes:
857 2643 990 2708 Crucifige,

106 2708 160 2772 jam
179 2715 286 2758 nonest
306 2709 400 2758 oblatio
415 2725 461 2774 pro
477 2725 534 2773 pec·
566 2707 680 2772 crucifige
702 2725 764 2758 eum
806 2709 874 2758 Dicit
896 2711 932 2758 eis
953 2710 994 2758 Pi-

109 2780 172 2822 cato.
210 2773 339 2822 Habentes
355 2773 438 2838 itaque
449 2774 535 2822 fratres
565 2773 646 2822 latus:
673 2773 788 2837 Accipite
810 2789 868 2822 eum
890 2788 943 2832 vos,
969 2781 995 2824 et

109 2836 225 2885 fiduciam
237 2837 263 2885 in
276 2837 378 2887 introitu
394 2845 535 2887 sanctorum
566 2835 714 2900 crucifigite:
738 2838 869 2901 egoenim
886 2853 938 2887 non
956 2838 994 2887 in·

109 2901 135 2948 in
148 2901 267 2965 sanguine
284 2902 383 2962 Christi,
398 2918 472 2965 quam
488 2902 534 2950 ini·
565 2902 675 2950 venioin
688 2917 719 2950 eo
736 2917 841 2950 causam.
878 2902 994 2966 Respon-

109 2965 179 3013 tiavit
205 2966 278 3015 nobis
296 2966 363 3013 viam
390 2982 488 3026 novam,
510 2973 535 3014 et
565 2966 654 3014 derunt
673 2965 696 3014 ei
714 2966 810 3029 Judaei:
835 2966 890 3015 Nos
911 2966 993 3030 legem

108 3030 232 3077 uiuentem
248 3046 293 3094 per
307 3030 428 3089 velamen,
443 3030 469 3078 id
486 3037 530 3088 est,
565 3030 692 3088 habemus,
715 3036 740 3079 et
757 3030 893 3080 secundum
912 3029 994 3094 legem

109 3108 207 3142 curnem
228 3109 306 3154 suam,
331 3102 355 3143 et
382 3094 534 3144 sacerdotem
565 3093 640 3144 debet
650 3093 721 3153 mori,
733 3094 784 3158 qui.
802 3094 893 3144 Filium
906 3095 994 3144 Deisc

170 3167 202 3218 74
