<?xml version="1.0" encoding="UTF-8"?>
<!DOCTYPE html PUBLIC "-//W3C//DTD XHTML 1.0 Transitional//EN"
    "http://www.w3.org/TR/xhtml1/DTD/xhtml1-transitional.dtd">
<html xmlns="http://www.w3.org/1999/xhtml" xml:lang="en" lang="en">
 <head>
  <title>
</title>
<meta http-equiv="Content-Type" content="text/html;charset=utf-8" />
  <meta name='ocr-system' content='tesseract 3.04.00' />
  <meta name='ocr-capabilities' content='ocr_page ocr_carea ocr_par ocr_line ocrx_word'/>
</head>
<body>
  <div class='ocr_page' id='page_1' title='image "./liberprecumpubl00briggoog_0341.png"; bbox 0 0 2040 3458; ppageno 0'>
   <div class='ocr_carea' id='block_1_1' title="bbox 21 88 887 210">
    <p class='ocr_par' dir='ltr' id='par_1_1' title="bbox 21 88 887 210">
     <span class='ocr_line' id='line_1_1' title="bbox 21 88 887 210; baseline -0.01 -20"><span class='ocrx_word' id='word_1_1' title='bbox 21 88 257 189; x_wconf 40' lang='lat' dir='ltr'>&#39;‘nra&#39;na&#39;</span> <span class='ocrx_word' id='word_1_2' title='bbox 375 205 377 210; x_wconf 21' lang='grc' dir='ltr'>Ι</span> <span class='ocrx_word' id='word_1_3' title='bbox 494 94 678 204; x_wconf 60' lang='lat' dir='ltr'>m</span> <span class='ocrx_word' id='word_1_4' title='bbox 790 102 887 201; x_wconf 45' lang='lat'>2³33</span> 
     </span>
    </p>
   </div>
   <div class='ocr_carea' id='block_1_2' title="bbox 133 253 887 349">
    <p class='ocr_par' dir='ltr' id='par_1_2' title="bbox 133 253 887 349">
     <span class='ocr_line' id='line_1_2' title="bbox 133 253 887 349; baseline 0.004 -16"><span class='ocrx_word' id='word_1_5' title='bbox 133 253 329 333; x_wconf 69' lang='lat' dir='ltr'>Nonlnbitablt</span> <span class='ocrx_word' id='word_1_6' title='bbox 344 277 471 331; x_wconf 20' lang='lat' dir='ltr'>iavmedlo</span> <span class='ocrx_word' id='word_1_7' title='bbox 485 278 530 330; x_wconf 87' lang='lat' dir='ltr'>do·</span> <span class='ocrx_word' id='word_1_8' title='bbox 559 285 681 331; x_wconf 71' lang='lat' dir='ltr'>navorum</span> <span class='ocrx_word' id='word_1_9' title='bbox 693 296 702 331; x_wconf 78' lang='lat' dir='ltr'>r</span> <span class='ocrx_word' id='word_1_10' title='bbox 716 279 887 349; x_wconf 59' lang='lat' dir='ltr'>aaronitae</span> 
     </span>
    </p>
   </div>
   <div class='ocr_carea' id='block_1_3' title="bbox 100 340 887 550">
    <p class='ocr_par' dir='ltr' id='par_1_3' title="bbox 100 340 887 550">
     <span class='ocr_line' id='line_1_3' title="bbox 100 340 621 411; baseline -0.004 -14"><span class='ocrx_word' id='word_1_11' title='bbox 100 340 531 411; x_wconf 70' lang='lat' dir='ltr'>murmurquliacitmperbimr</span> <span class='ocrx_word' id='word_1_12' title='bbox 560 342 621 395; x_wconf 75' lang='lat' dir='ltr'>arni</span> 
     </span>
     <span class='ocr_line' id='line_1_4' title="bbox 101 400 887 479; baseline 0.001 -18"><span class='ocrx_word' id='word_1_13' title='bbox 101 400 531 479; x_wconf 65' lang='lat' dir='ltr'>quiloqn&#39;iturinlmontdlmit</span> <span class='ocrx_word' id='word_1_14' title='bbox 592 404 887 472; x_wconf 57' lang='lat' dir='ltr'>TnantQDominei</span> 
     </span>
     <span class='ocr_line' id='line_1_5' title="bbox 100 473 887 550; baseline 0.001 -25"><span class='ocrx_word' id='word_1_15' title='bbox 100 473 269 541; x_wconf 71' lang='lat' dir='ltr'>incompeetu</span> <span class='ocrx_word' id='word_1_16' title='bbox 330 486 527 524; x_wconf 79' lang='lat' dir='ltr'>ommmeorurn</span> <span class='ocrx_word' id='word_1_17' title='bbox 559 481 887 550; x_wconf 72' lang='lat' dir='ltr'>numpu&#39;manesretme</span> 
     </span>
    </p>
   </div>
   <div class='ocr_carea' id='block_1_4' title="bbox 66 534 887 937">
    <p class='ocr_par' dir='ltr' id='par_1_4' title="bbox 66 534 887 937">
     <span class='ocr_line' id='line_1_6' title="bbox 134 534 887 604; baseline 0.001 -14"><span class='ocrx_word' id='word_1_18' title='bbox 134 536 170 590; x_wconf 83' lang='lat' dir='ltr'>ln</span> <span class='ocrx_word' id='word_1_19' title='bbox 199 537 321 589; x_wconf 77' lang='lat' dir='ltr'>martino</span> <span class='ocrx_word' id='word_1_20' title='bbox 351 534 530 588; x_wconf 73' lang='lat' dir='ltr'>interficiebam</span> <span class='ocrx_word' id='word_1_21' title='bbox 560 538 887 604; x_wconf 72' lang='lat' dir='ltr'>tummgenmtiome</span> 
     </span>
     <span class='ocr_line' id='line_1_7' title="bbox 101 601 872 681; baseline -0.004 -26"><span class='ocrx_word' id='word_1_22' title='bbox 101 616 188 655; x_wconf 69' lang='lat' dir='ltr'>omncs</span> <span class='ocrx_word' id='word_1_23' title='bbox 220 607 363 680; x_wconf 70' lang='lat' dir='ltr'>peccatores</span> <span class='ocrx_word' id='word_1_24' title='bbox 393 607 465 653; x_wconf 72' lang='lat' dir='ltr'>tem</span> <span class='ocrx_word' id='word_1_25' title='bbox 479 607 529 680; x_wconf 55' lang='lat' dir='ltr'>aut</span> <span class='ocrx_word' id='word_1_26' title='bbox 560 601 688 671; x_wconf 78' lang='lat' dir='ltr'>rationem.</span> <span class='ocrx_word' id='word_1_27' title='bbox 865 668 872 681; x_wconf 29' lang='grc' dir='ltr'><strong><em>ι</em></strong></span> 
     </span>
     <span class='ocr_line' id='line_1_8' title="bbox 66 664 887 809; baseline 0.002 -26"><span class='ocrx_word' id='word_1_28' title='bbox 66 664 530 798; x_wconf 48' lang='lat' dir='ltr'>mompteumgpffl</span> <span class='ocrx_word' id='word_1_29' title='bbox 560 665 646 806; x_wconf 47' lang='lat' dir='ltr'>Siclliae</span> <span class='ocrx_word' id='word_1_30' title='bbox 659 731 719 808; x_wconf 74' lang='lat' dir='ltr'>quir</span> <span class='ocrx_word' id='word_1_31' title='bbox 736 682 887 809; x_wconf 50' lang='grc' dir='ltr'>ῑςωριιεωέ</span> 
     </span>
     <span class='ocr_line' id='line_1_9' title="bbox 559 801 887 862; baseline 0.003 -16"><span class='ocrx_word' id='word_1_32' title='bbox 559 810 620 861; x_wconf 71' lang='lat' dir='ltr'>ejus,</span> <span class='ocrx_word' id='word_1_33' title='bbox 633 810 694 861; x_wconf 81' lang='lat' dir='ltr'>qnia</span> <span class='ocrx_word' id='word_1_34' title='bbox 702 801 772 847; x_wconf 80' lang='lat' dir='ltr'>vemt</span> <span class='ocrx_word' id='word_1_35' title='bbox 782 802 887 862; x_wconf 79' lang='lat' dir='ltr'>tempus</span> 
     </span>
     <span class='ocr_line' id='line_1_10' title="bbox 588 859 887 937; baseline 0.003 -26"><span class='ocrx_word' id='word_1_36' title='bbox 588 859 719 937; x_wconf 35' lang='lat' dir='ltr'>‘Quoniam</span> <span class='ocrx_word' id='word_1_37' title='bbox 733 859 887 936; x_wconf 11' lang='lat' dir='ltr'>*placuerum</span> 
     </span>
    </p>
   </div>
   <div class='ocr_carea' id='block_1_5' title="bbox 115 907 887 1041">
    <p class='ocr_par' dir='ltr' id='par_1_5' title="bbox 115 907 887 1041">
     <span class='ocr_line' id='line_1_11' title="bbox 115 907 887 1041; baseline -0.041 -33"><span class='ocrx_word' id='word_1_38' title='bbox 115 940 187 1007; x_wconf 68' lang='lat' dir='ltr'>Dira</span> <span class='ocrx_word' id='word_1_39' title='bbox 198 907 267 1005; x_wconf 57' lang='lat' dir='ltr'>xxf</span> <span class='ocrx_word' id='word_1_40' title='bbox 296 942 508 1012; x_wconf 62' lang='lat' dir='ltr'>sufflatorium.</span> <span class='ocrx_word' id='word_1_41' title='bbox 559 924 799 1041; x_wconf 37' lang='lat' dir='ltr'>&amp;mausz</span> <span class='ocrx_word' id='word_1_42' title='bbox 815 933 887 977; x_wconf 83' lang='lat' dir='ltr'>etter</span> 
     </span>
    </p>
   </div>
   <div class='ocr_carea' id='block_1_6' title="bbox 71 1043 887 2020">
    <p class='ocr_par' dir='ltr' id='par_1_6' title="bbox 71 1043 887 2020">
     <span class='ocr_line' id='line_1_12' title="bbox 143 1043 870 1119; baseline 0.001 -16"><span class='ocrx_word' id='word_1_43' title='bbox 143 1043 150 1061; x_wconf 75' lang='lat'><em>⁹</em></span> <span class='ocrx_word' id='word_1_44' title='bbox 212 1062 344 1116; x_wconf 62' lang='lat' dir='ltr'>mm</span> <span class='ocrx_word' id='word_1_45' title='bbox 361 1063 419 1119; x_wconf 68' lang='lat'>011,</span> <span class='ocrx_word' id='word_1_46' title='bbox 592 1052 626 1103; x_wconf 85' lang='lat' dir='ltr'>Et</span> <span class='ocrx_word' id='word_1_47' title='bbox 644 1052 768 1105; x_wconf 83' lang='lat' dir='ltr'>timebunt</span> <span class='ocrx_word' id='word_1_48' title='bbox 782 1060 870 1119; x_wconf 81' lang='lat' dir='ltr'>gentes</span> 
     </span>
     <span class='ocr_line' id='line_1_13' title="bbox 71 1117 887 1179; baseline -0.01 -5"><span class='ocrx_word' id='word_1_49' title='bbox 71 1171 73 1174; x_wconf 77' lang='grc'>,</span> <span class='ocrx_word' id='word_1_50' title='bbox 224 1157 228 1165; x_wconf 81' lang='lat'><em>,</em></span> <span class='ocrx_word' id='word_1_51' title='bbox 365 1163 369 1171; x_wconf 93' lang='lat'>.</span> <span class='ocrx_word' id='word_1_52' title='bbox 558 1122 637 1179; x_wconf 84' lang='lat' dir='ltr'>tuum,</span> <span class='ocrx_word' id='word_1_53' title='bbox 650 1117 887 1170; x_wconf 77' lang='lat' dir='ltr'>Dominoretomm</span> 
     </span>
     <span class='ocr_line' id='line_1_14' title="bbox 168 1178 836 1249; baseline 0 -15"><span class='ocrx_word' id='word_1_54' title='bbox 168 1178 316 1244; x_wconf 70' lang='lat' dir='ltr'>onius.</span> <span class='ocrx_word' id='word_1_55' title='bbox 336 1180 438 1249; x_wconf 72' lang='lat' dir='ltr'>¹exaudi</span> <span class='ocrx_word' id='word_1_56' title='bbox 474 1196 528 1235; x_wconf 74' lang='lat' dir='ltr'>om·</span> <span class='ocrx_word' id='word_1_57' title='bbox 559 1181 836 1246; x_wconf 71' lang='lat' dir='ltr'>rerraegloriamruam</span> 
     </span>
     <span class='ocr_line' id='line_1_15' title="bbox 200 1243 887 1310; baseline -0.003 -12"><span class='ocrx_word' id='word_1_58' title='bbox 200 1243 529 1298; x_wconf 69' lang='lat' dir='ltr'>uouemmeamsetelrmor</span> <span class='ocrx_word' id='word_1_59' title='bbox 592 1245 659 1310; x_wconf 78' lang='lat' dir='ltr'>Quia</span> <span class='ocrx_word' id='word_1_60' title='bbox 692 1245 826 1297; x_wconf 80' lang='lat' dir='ltr'>aedificavit</span> <span class='ocrx_word' id='word_1_61' title='bbox 865 1247 887 1296; x_wconf 89' lang='lat' dir='ltr'>D</span> 
     </span>
     <span class='ocr_line' id='line_1_16' title="bbox 100 1308 887 1365; baseline -0.001 -2"><span class='ocrx_word' id='word_1_62' title='bbox 100 1308 351 1365; x_wconf 69' lang='lat' dir='ltr'>madtarenlaa</span> <span class='ocrx_word' id='word_1_63' title='bbox 409 1319 410 1324; x_wconf 76' lang='grc'>’</span> <span class='ocrx_word' id='word_1_64' title='bbox 559 1309 642 1362; x_wconf 77' lang='lat' dir='ltr'>Sionr</span> <span class='ocrx_word' id='word_1_65' title='bbox 658 1316 685 1361; x_wconf 84' lang='lat' dir='ltr'>et</span> <span class='ocrx_word' id='word_1_66' title='bbox 705 1311 832 1362; x_wconf 78' lang='lat' dir='ltr'>ridebitur</span> <span class='ocrx_word' id='word_1_67' title='bbox 857 1311 887 1362; x_wconf 81' lang='lat' dir='ltr'>in</span> 
     </span>
     <span class='ocr_line' id='line_1_17' title="bbox 119 1370 713 1427; baseline 0.002 -2"><span class='ocrx_word' id='word_1_68' title='bbox 119 1370 195 1427; x_wconf 68' lang='lat' dir='ltr'>‘Non</span> <span class='ocrx_word' id='word_1_69' title='bbox 210 1381 307 1427; x_wconf 65' lang='lat' dir='ltr'>crarta</span> <span class='ocrx_word' id='word_1_70' title='bbox 322 1373 412 1426; x_wconf 77' lang='lat' dir='ltr'>faciem</span> <span class='ocrx_word' id='word_1_71' title='bbox 426 1379 496 1426; x_wconf 76' lang='lat' dir='ltr'>rom</span> <span class='ocrx_word' id='word_1_72' title='bbox 511 1390 528 1426; x_wconf 83' lang='lat' dir='ltr'>a</span> <span class='ocrx_word' id='word_1_73' title='bbox 556 1389 608 1426; x_wconf 78' lang='lat' dir='ltr'>rua</span> <span class='ocrx_word' id='word_1_74' title='bbox 710 1411 713 1417; x_wconf 84' lang='lat'>.</span> 
     </span>
     <span class='ocr_line' id='line_1_18' title="bbox 100 1437 887 1506; baseline 0 -16"><span class='ocrx_word' id='word_1_75' title='bbox 100 1437 527 1506; x_wconf 72' lang='lat' dir='ltr'>rnezinqudcumque‹lietribrrlor,¹</span> <span class='ocrx_word' id='word_1_76' title='bbox 590 1438 887 1505; x_wconf 77' lang='lat' dir='ltr'>Respexitinorationen</span> 
     </span>
     <span class='ocr_line' id='line_1_19' title="bbox 101 1502 869 1570; baseline 0.001 -15"><span class='ocrx_word' id='word_1_77' title='bbox 101 1503 471 1556; x_wconf 71' lang='lat' dir='ltr'>inclinaadmesuremtuam.</span> <span class='ocrx_word' id='word_1_78' title='bbox 556 1502 640 1554; x_wconf 82' lang='lat' dir='ltr'>lium:</span> <span class='ocrx_word' id='word_1_79' title='bbox 656 1511 682 1554; x_wconf 83' lang='lat' dir='ltr'>et</span> <span class='ocrx_word' id='word_1_80' title='bbox 699 1519 752 1555; x_wconf 91' lang='lat' dir='ltr'>non</span> <span class='ocrx_word' id='word_1_81' title='bbox 773 1503 869 1570; x_wconf 82' lang='lat' dir='ltr'>sprevit</span> 
     </span>
     <span class='ocr_line' id='line_1_20' title="bbox 134 1567 649 1634; baseline 0 -16"><span class='ocrx_word' id='word_1_82' title='bbox 134 1567 375 1634; x_wconf 84' lang='lat' dir='ltr'>Inquaoumquedie</span> <span class='ocrx_word' id='word_1_83' title='bbox 383 1567 530 1619; x_wconf 84' lang='lat' dir='ltr'>invocavero</span> <span class='ocrx_word' id='word_1_84' title='bbox 557 1583 649 1618; x_wconf 82' lang='lat' dir='ltr'>eorum</span> 
     </span>
     <span class='ocr_line' id='line_1_21' title="bbox 101 1633 887 1693; baseline -0.001 -10"><span class='ocrx_word' id='word_1_85' title='bbox 101 1641 126 1683; x_wconf 93' lang='lat' dir='ltr'>te</span> <span class='ocrx_word' id='word_1_86' title='bbox 141 1652 148 1683; x_wconf 77' lang='lat' dir='ltr'><strong><em>z</em></strong></span> <span class='ocrx_word' id='word_1_87' title='bbox 163 1633 280 1682; x_wconf 87' lang='lat' dir='ltr'>velociter</span> <span class='ocrx_word' id='word_1_88' title='bbox 291 1633 379 1682; x_wconf 83' lang='lat' dir='ltr'>exaudi</span> <span class='ocrx_word' id='word_1_89' title='bbox 390 1648 438 1682; x_wconf 88' lang='lat' dir='ltr'>me.</span> <span class='ocrx_word' id='word_1_90' title='bbox 591 1633 735 1683; x_wconf 89' lang='lat' dir='ltr'>Scribantur</span> <span class='ocrx_word' id='word_1_91' title='bbox 760 1633 815 1682; x_wconf 87' lang='lat' dir='ltr'>haec</span> <span class='ocrx_word' id='word_1_92' title='bbox 837 1634 864 1682; x_wconf 91' lang='lat' dir='ltr'>in</span> <span class='ocrx_word' id='word_1_93' title='bbox 886 1686 887 1693; x_wconf 11' lang='grc' dir='ltr'>χ</span> 
     </span>
     <span class='ocr_line' id='line_1_22' title="bbox 133 1697 887 1762; baseline -0.001 -15"><span class='ocrx_word' id='word_1_94' title='bbox 133 1697 200 1762; x_wconf 84' lang='lat' dir='ltr'><strong>Quia</strong></span> <span class='ocrx_word' id='word_1_95' title='bbox 210 1698 352 1747; x_wconf 82' lang='lat' dir='ltr'>deiecerunt</span> <span class='ocrx_word' id='word_1_96' title='bbox 368 1698 431 1747; x_wconf 90' lang='lat' dir='ltr'>sicut</span> <span class='ocrx_word' id='word_1_97' title='bbox 447 1697 528 1747; x_wconf 82' lang='lat' dir='ltr'>fumus</span> <span class='ocrx_word' id='word_1_98' title='bbox 557 1697 624 1746; x_wconf 88' lang='lat' dir='ltr'>tione</span> <span class='ocrx_word' id='word_1_99' title='bbox 643 1697 741 1746; x_wconf 77' lang='lat' dir='ltr'>altera:</span> <span class='ocrx_word' id='word_1_100' title='bbox 758 1705 782 1747; x_wconf 90' lang='lat' dir='ltr'>et</span> <span class='ocrx_word' id='word_1_101' title='bbox 804 1698 887 1762; x_wconf 88' lang='lat' dir='ltr'>popul</span> 
     </span>
     <span class='ocr_line' id='line_1_23' title="bbox 101 1762 887 1823; baseline 0.003 -13"><span class='ocrx_word' id='word_1_102' title='bbox 101 1763 155 1812; x_wconf 92' lang='lat' dir='ltr'>dies</span> <span class='ocrx_word' id='word_1_103' title='bbox 176 1763 226 1812; x_wconf 89' lang='lat' dir='ltr'>mei</span> <span class='ocrx_word' id='word_1_104' title='bbox 241 1781 247 1811; x_wconf 75' lang='grc' dir='ltr'><strong>ε</strong></span> <span class='ocrx_word' id='word_1_105' title='bbox 264 1770 289 1812; x_wconf 92' lang='lat' dir='ltr'>et</span> <span class='ocrx_word' id='word_1_106' title='bbox 311 1778 366 1812; x_wconf 86' lang='lat' dir='ltr'>ossa</span> <span class='ocrx_word' id='word_1_107' title='bbox 388 1778 444 1811; x_wconf 89' lang='lat' dir='ltr'>mea</span> <span class='ocrx_word' id='word_1_108' title='bbox 466 1763 528 1811; x_wconf 90' lang='lat' dir='ltr'>sicut</span> <span class='ocrx_word' id='word_1_109' title='bbox 558 1762 686 1823; x_wconf 88' lang='lat' dir='ltr'>creabitur,</span> <span class='ocrx_word' id='word_1_110' title='bbox 700 1762 812 1811; x_wconf 83' lang='lat' dir='ltr'>laudabit</span> <span class='ocrx_word' id='word_1_111' title='bbox 825 1763 887 1812; x_wconf 82' lang='lat' dir='ltr'>Dorr</span> 
     </span>
     <span class='ocr_line' id='line_1_24' title="bbox 101 1826 868 1890; baseline 0 -14"><span class='ocrx_word' id='word_1_112' title='bbox 101 1827 220 1876; x_wconf 83' lang='lat' dir='ltr'>cremium</span> <span class='ocrx_word' id='word_1_113' title='bbox 230 1833 352 1876; x_wconf 84' lang='lat' dir='ltr'>aruerunt.</span> <span class='ocrx_word' id='word_1_114' title='bbox 590 1826 656 1888; x_wconf 83' lang='lat' dir='ltr'><strong>Quia</strong></span> <span class='ocrx_word' id='word_1_115' title='bbox 683 1828 810 1890; x_wconf 90' lang='lat' dir='ltr'>prospexit</span> <span class='ocrx_word' id='word_1_116' title='bbox 835 1827 868 1876; x_wconf 90' lang='lat' dir='ltr'>de</span> 
     </span>
     <span class='ocr_line' id='line_1_25' title="bbox 133 1891 887 1950; baseline 0.001 -10"><span class='ocrx_word' id='word_1_117' title='bbox 133 1891 265 1940; x_wconf 85' lang='lat' dir='ltr'>Percussus</span> <span class='ocrx_word' id='word_1_118' title='bbox 275 1907 330 1940; x_wconf 91' lang='lat' dir='ltr'>sum</span> <span class='ocrx_word' id='word_1_119' title='bbox 344 1898 371 1941; x_wconf 93' lang='lat' dir='ltr'>ut</span> <span class='ocrx_word' id='word_1_120' title='bbox 387 1891 489 1950; x_wconf 64' lang='lat' dir='ltr'>frenum,</span> <span class='ocrx_word' id='word_1_121' title='bbox 504 1899 529 1941; x_wconf 90' lang='lat' dir='ltr'>et</span> <span class='ocrx_word' id='word_1_122' title='bbox 557 1898 642 1939; x_wconf 87' lang='lat' dir='ltr'>sancto</span> <span class='ocrx_word' id='word_1_123' title='bbox 653 1907 697 1940; x_wconf 92' lang='lat' dir='ltr'>suo</span> <span class='ocrx_word' id='word_1_124' title='bbox 712 1909 719 1940; x_wconf 73' lang='grc' dir='ltr'><strong>ε</strong></span> <span class='ocrx_word' id='word_1_125' title='bbox 736 1892 863 1941; x_wconf 92' lang='lat' dir='ltr'>Dominus</span> <span class='ocrx_word' id='word_1_126' title='bbox 880 1908 887 1940; x_wconf 84' lang='lat' dir='ltr'>r</span> 
     </span>
     <span class='ocr_line' id='line_1_26' title="bbox 100 1955 804 2020; baseline 0 -16"><span class='ocrx_word' id='word_1_127' title='bbox 100 1956 164 2004; x_wconf 88' lang='lat' dir='ltr'>aruit</span> <span class='ocrx_word' id='word_1_128' title='bbox 179 1970 222 2004; x_wconf 91' lang='lat' dir='ltr'>cor</span> <span class='ocrx_word' id='word_1_129' title='bbox 238 1971 322 2004; x_wconf 91' lang='lat' dir='ltr'>meum</span> <span class='ocrx_word' id='word_1_130' title='bbox 337 1974 343 2005; x_wconf 73' lang='grc' dir='ltr'><strong>ε</strong></span> <span class='ocrx_word' id='word_1_131' title='bbox 360 1956 418 2020; x_wconf 88' lang='lat' dir='ltr'>quia</span> <span class='ocrx_word' id='word_1_132' title='bbox 437 1956 528 2006; x_wconf 92' lang='lat' dir='ltr'>oblitus</span> <span class='ocrx_word' id='word_1_133' title='bbox 556 1955 582 2003; x_wconf 93' lang='lat' dir='ltr'>in</span> <span class='ocrx_word' id='word_1_134' title='bbox 593 1962 683 2004; x_wconf 87' lang='lat' dir='ltr'>terram</span> <span class='ocrx_word' id='word_1_135' title='bbox 694 1956 804 2019; x_wconf 86' lang='lat' dir='ltr'>aspexit;</span> 
     </span>
    </p>
   </div>
   <div class='ocr_carea' id='block_1_7' title="bbox 26 2019 887 2084">
    <p class='ocr_par' dir='ltr' id='par_1_7' title="bbox 26 2019 887 2084">
     <span class='ocr_line' id='line_1_27' title="bbox 26 2019 887 2084; baseline 0.002 -16"><span class='ocrx_word' id='word_1_136' title='bbox 26 2031 28 2037; x_wconf 92' lang='grc'><strong><em>·</em></strong></span> <span class='ocrx_word' id='word_1_137' title='bbox 99 2035 154 2069; x_wconf 89' lang='lat' dir='ltr'>sum</span> <span class='ocrx_word' id='word_1_138' title='bbox 166 2019 295 2069; x_wconf 89' lang='lat' dir='ltr'>comedere</span> <span class='ocrx_word' id='word_1_139' title='bbox 304 2032 396 2084; x_wconf 90' lang='lat' dir='ltr'>panem</span> <span class='ocrx_word' id='word_1_140' title='bbox 406 2036 496 2069; x_wconf 86' lang='lat' dir='ltr'>meum.</span> <span class='ocrx_word' id='word_1_141' title='bbox 590 2021 626 2074; x_wconf 84' lang='lat' dir='ltr'>Ut</span> <span class='ocrx_word' id='word_1_142' title='bbox 637 2020 847 2082; x_wconf 88' lang='lat' dir='ltr'>audiretgemitus</span> <span class='ocrx_word' id='word_1_143' title='bbox 860 2037 887 2070; x_wconf 90' lang='lat' dir='ltr'>co</span> 
     </span>
    </p>
   </div>
   <div class='ocr_carea' id='block_1_8' title="bbox 97 2084 887 3164">
    <p class='ocr_par' dir='ltr' id='par_1_8' title="bbox 100 2084 887 2212">
     <span class='ocr_line' id='line_1_28' title="bbox 132 2084 887 2147; baseline 0.001 -15"><span class='ocrx_word' id='word_1_144' title='bbox 132 2085 157 2133; x_wconf 84' lang='grc' dir='ltr'>Α</span> <span class='ocrx_word' id='word_1_145' title='bbox 165 2099 228 2132; x_wconf 87' lang='lat' dir='ltr'>voce</span> <span class='ocrx_word' id='word_1_146' title='bbox 237 2084 343 2147; x_wconf 82' lang='lat' dir='ltr'>gemitus</span> <span class='ocrx_word' id='word_1_147' title='bbox 352 2085 415 2134; x_wconf 86' lang='lat' dir='ltr'>mei:</span> <span class='ocrx_word' id='word_1_148' title='bbox 424 2085 527 2134; x_wconf 82' lang='lat' dir='ltr'>adhaesit</span> <span class='ocrx_word' id='word_1_149' title='bbox 555 2091 637 2132; x_wconf 89' lang='lat' dir='ltr'>torum</span> <span class='ocrx_word' id='word_1_150' title='bbox 652 2102 658 2132; x_wconf 82' lang='lat' dir='ltr'>r</span> <span class='ocrx_word' id='word_1_151' title='bbox 674 2091 702 2132; x_wconf 89' lang='lat' dir='ltr'>ut</span> <span class='ocrx_word' id='word_1_152' title='bbox 713 2085 820 2133; x_wconf 90' lang='lat' dir='ltr'>solveret</span> <span class='ocrx_word' id='word_1_153' title='bbox 831 2085 887 2134; x_wconf 80' lang='lat' dir='ltr'>filio</span> 
     </span>
     <span class='ocr_line' id='line_1_29' title="bbox 100 2152 709 2212; baseline -0.003 -14"><span class='ocrx_word' id='word_1_154' title='bbox 100 2164 128 2198; x_wconf 92' lang='lat' dir='ltr'>os</span> <span class='ocrx_word' id='word_1_155' title='bbox 140 2163 222 2197; x_wconf 91' lang='lat' dir='ltr'>meum</span> <span class='ocrx_word' id='word_1_156' title='bbox 234 2152 302 2197; x_wconf 88' lang='lat' dir='ltr'>carni</span> <span class='ocrx_word' id='word_1_157' title='bbox 312 2164 381 2198; x_wconf 89' lang='lat' dir='ltr'>meae.</span> <span class='ocrx_word' id='word_1_158' title='bbox 555 2156 709 2212; x_wconf 83' lang='lat' dir='ltr'>emptorum:</span> 
     </span>
    </p>

    <p class='ocr_par' dir='ltr' id='par_1_9' title="bbox 98 2211 887 2407">
     <span class='ocr_line' id='line_1_30' title="bbox 132 2211 887 2277; baseline -0.003 -14"><span class='ocrx_word' id='word_1_159' title='bbox 132 2211 226 2263; x_wconf 87' lang='lat' dir='ltr'>Similis</span> <span class='ocrx_word' id='word_1_160' title='bbox 242 2213 320 2262; x_wconf 85' lang='lat' dir='ltr'>sactus</span> <span class='ocrx_word' id='word_1_161' title='bbox 337 2229 392 2261; x_wconf 88' lang='lat' dir='ltr'>sum</span> <span class='ocrx_word' id='word_1_162' title='bbox 402 2213 526 2277; x_wconf 90' lang='lat' dir='ltr'>pellicano</span> <span class='ocrx_word' id='word_1_163' title='bbox 559 2242 560 2245; x_wconf 63' lang='lat'><em>=</em></span> <span class='ocrx_word' id='word_1_164' title='bbox 589 2213 625 2262; x_wconf 92' lang='lat' dir='ltr'>Ut</span> <span class='ocrx_word' id='word_1_165' title='bbox 643 2213 791 2261; x_wconf 85' lang='lat' dir='ltr'>annuntient</span> <span class='ocrx_word' id='word_1_166' title='bbox 808 2214 836 2261; x_wconf 92' lang='lat' dir='ltr'>in</span> <span class='ocrx_word' id='word_1_167' title='bbox 853 2214 887 2264; x_wconf 72' lang='lat' dir='ltr'>Sir</span> 
     </span>
     <span class='ocr_line' id='line_1_31' title="bbox 98 2276 887 2327; baseline 0 0"><span class='ocrx_word' id='word_1_168' title='bbox 98 2276 237 2327; x_wconf 90' lang='lat' dir='ltr'>solitudinis</span> <span class='ocrx_word' id='word_1_169' title='bbox 259 2294 266 2325; x_wconf 71' lang='grc' dir='ltr'><strong><em>ε</em></strong></span> <span class='ocrx_word' id='word_1_170' title='bbox 290 2277 369 2326; x_wconf 84' lang='lat' dir='ltr'>iactus</span> <span class='ocrx_word' id='word_1_171' title='bbox 388 2293 443 2326; x_wconf 88' lang='lat' dir='ltr'>sum</span> <span class='ocrx_word' id='word_1_172' title='bbox 464 2278 527 2327; x_wconf 91' lang='lat' dir='ltr'>sicut</span> <span class='ocrx_word' id='word_1_173' title='bbox 554 2293 612 2325; x_wconf 88' lang='lat' dir='ltr'>men</span> <span class='ocrx_word' id='word_1_174' title='bbox 630 2277 754 2326; x_wconf 90' lang='lat' dir='ltr'>Domini:</span> <span class='ocrx_word' id='word_1_175' title='bbox 771 2285 797 2326; x_wconf 91' lang='lat' dir='ltr'>et</span> <span class='ocrx_word' id='word_1_176' title='bbox 816 2278 887 2327; x_wconf 80' lang='lat' dir='ltr'>laude</span> 
     </span>
     <span class='ocr_line' id='line_1_32' title="bbox 98 2341 757 2407; baseline -0.002 -16"><span class='ocrx_word' id='word_1_177' title='bbox 98 2342 237 2407; x_wconf 86' lang='lat' dir='ltr'>nycticorax</span> <span class='ocrx_word' id='word_1_178' title='bbox 249 2341 275 2389; x_wconf 91' lang='lat' dir='ltr'>in</span> <span class='ocrx_word' id='word_1_179' title='bbox 286 2341 420 2392; x_wconf 90' lang='lat' dir='ltr'>domicilio.</span> <span class='ocrx_word' id='word_1_180' title='bbox 555 2342 581 2389; x_wconf 89' lang='lat' dir='ltr'>in</span> <span class='ocrx_word' id='word_1_181' title='bbox 594 2341 757 2390; x_wconf 89' lang='lat' dir='ltr'>Hierusalem.</span> 
     </span>
    </p>

    <p class='ocr_par' dir='ltr' id='par_1_10' title="bbox 100 2405 887 2537">
     <span class='ocr_line' id='line_1_33' title="bbox 131 2405 887 2472; baseline 0.001 -18"><span class='ocrx_word' id='word_1_182' title='bbox 131 2405 240 2469; x_wconf 87' lang='lat' dir='ltr'>Vigilavi</span> <span class='ocrx_word' id='word_1_183' title='bbox 253 2424 259 2454; x_wconf 73' lang='grc' dir='ltr'><strong><em>ε</em></strong></span> <span class='ocrx_word' id='word_1_184' title='bbox 271 2413 295 2454; x_wconf 89' lang='lat' dir='ltr'>et</span> <span class='ocrx_word' id='word_1_185' title='bbox 306 2406 384 2454; x_wconf 89' lang='lat' dir='ltr'>factus</span> <span class='ocrx_word' id='word_1_186' title='bbox 399 2422 453 2454; x_wconf 91' lang='lat' dir='ltr'>sum</span> <span class='ocrx_word' id='word_1_187' title='bbox 464 2406 527 2455; x_wconf 91' lang='lat' dir='ltr'>sicut</span> <span class='ocrx_word' id='word_1_188' title='bbox 589 2406 619 2454; x_wconf 93' lang='lat' dir='ltr'>In</span> <span class='ocrx_word' id='word_1_189' title='bbox 640 2407 811 2455; x_wconf 87' lang='lat' dir='ltr'>conveniendo</span> <span class='ocrx_word' id='word_1_190' title='bbox 833 2423 887 2472; x_wconf 51' lang='lat' dir='ltr'>pop*</span> 
     </span>
     <span class='ocr_line' id='line_1_34' title="bbox 100 2471 887 2537; baseline 0 -17"><span class='ocrx_word' id='word_1_191' title='bbox 100 2486 185 2537; x_wconf 83' lang='lat' dir='ltr'>passer</span> <span class='ocrx_word' id='word_1_192' title='bbox 195 2471 318 2519; x_wconf 89' lang='lat' dir='ltr'>solitarius</span> <span class='ocrx_word' id='word_1_193' title='bbox 328 2471 354 2518; x_wconf 92' lang='lat' dir='ltr'>in</span> <span class='ocrx_word' id='word_1_194' title='bbox 367 2478 438 2519; x_wconf 88' lang='lat' dir='ltr'>tecto.</span> <span class='ocrx_word' id='word_1_195' title='bbox 554 2485 631 2518; x_wconf 89' lang='lat' dir='ltr'>unum</span> <span class='ocrx_word' id='word_1_196' title='bbox 654 2488 660 2519; x_wconf 75' lang='grc' dir='ltr'><strong>ε</strong></span> <span class='ocrx_word' id='word_1_197' title='bbox 685 2478 709 2519; x_wconf 93' lang='lat' dir='ltr'>et</span> <span class='ocrx_word' id='word_1_198' title='bbox 738 2486 807 2533; x_wconf 87' lang='lat' dir='ltr'>reges</span> <span class='ocrx_word' id='word_1_199' title='bbox 829 2479 858 2521; x_wconf 89' lang='lat' dir='ltr'>ut</span> <span class='ocrx_word' id='word_1_200' title='bbox 879 2488 887 2520; x_wconf 82' lang='grc' dir='ltr'>ε</span> 
     </span>
    </p>

    <p class='ocr_par' dir='ltr' id='par_1_11' title="bbox 97 2535 887 2728">
     <span class='ocr_line' id='line_1_35' title="bbox 130 2535 673 2599; baseline -0.002 -14"><span class='ocrx_word' id='word_1_201' title='bbox 130 2537 197 2585; x_wconf 86' lang='lat' dir='ltr'>Tota</span> <span class='ocrx_word' id='word_1_202' title='bbox 212 2535 254 2584; x_wconf 87' lang='lat' dir='ltr'>die</span> <span class='ocrx_word' id='word_1_203' title='bbox 268 2535 448 2599; x_wconf 81' lang='lat' dir='ltr'>exprobrabant</span> <span class='ocrx_word' id='word_1_204' title='bbox 464 2535 526 2584; x_wconf 90' lang='lat' dir='ltr'>mihi</span> <span class='ocrx_word' id='word_1_205' title='bbox 556 2535 673 2584; x_wconf 90' lang='lat' dir='ltr'>Domino.</span> 
     </span>
     <span class='ocr_line' id='line_1_36' title="bbox 97 2598 873 2674; baseline -0.003 -24"><span class='ocrx_word' id='word_1_206' title='bbox 97 2601 191 2651; x_wconf 90' lang='lat' dir='ltr'>inimici</span> <span class='ocrx_word' id='word_1_207' title='bbox 207 2601 256 2649; x_wconf 90' lang='lat' dir='ltr'>mei</span> <span class='ocrx_word' id='word_1_208' title='bbox 272 2617 278 2649; x_wconf 90' lang='lat'>:</span> <span class='ocrx_word' id='word_1_209' title='bbox 294 2607 319 2648; x_wconf 90' lang='lat' dir='ltr'>et</span> <span class='ocrx_word' id='word_1_210' title='bbox 333 2599 376 2674; x_wconf 76' lang='lat' dir='ltr'>qui</span> <span class='ocrx_word' id='word_1_211' title='bbox 392 2599 526 2648; x_wconf 88' lang='lat' dir='ltr'>laudabant</span> <span class='ocrx_word' id='word_1_212' title='bbox 589 2598 727 2663; x_wconf 88' lang='lat' dir='ltr'>Respondit</span> <span class='ocrx_word' id='word_1_213' title='bbox 748 2600 772 2648; x_wconf 89' lang='lat' dir='ltr'>ei</span> <span class='ocrx_word' id='word_1_214' title='bbox 789 2600 816 2650; x_wconf 92' lang='lat' dir='ltr'>in</span> <span class='ocrx_word' id='word_1_215' title='bbox 830 2601 873 2648; x_wconf 88' lang='lat' dir='ltr'>via</span> 
     </span>
     <span class='ocr_line' id='line_1_37' title="bbox 98 2663 887 2728; baseline -0.004 -12"><span class='ocrx_word' id='word_1_216' title='bbox 98 2682 139 2715; x_wconf 90' lang='lat' dir='ltr'>me</span> <span class='ocrx_word' id='word_1_217' title='bbox 151 2667 281 2715; x_wconf 84' lang='lat' dir='ltr'>adversum</span> <span class='ocrx_word' id='word_1_218' title='bbox 292 2680 332 2713; x_wconf 91' lang='lat' dir='ltr'>me</span> <span class='ocrx_word' id='word_1_219' title='bbox 340 2663 463 2727; x_wconf 74' lang='lat' dir='ltr'>jurabant.</span> <span class='ocrx_word' id='word_1_220' title='bbox 555 2679 605 2712; x_wconf 86' lang='lat' dir='ltr'>suae</span> <span class='ocrx_word' id='word_1_221' title='bbox 620 2681 626 2712; x_wconf 76' lang='grc' dir='ltr'><strong>ε</strong></span> <span class='ocrx_word' id='word_1_222' title='bbox 642 2665 794 2728; x_wconf 83' lang='lat' dir='ltr'>paucitatem</span> <span class='ocrx_word' id='word_1_223' title='bbox 809 2665 887 2713; x_wconf 82' lang='lat' dir='ltr'>dierur</span> 
     </span>
    </p>

    <p class='ocr_par' dir='ltr' id='par_1_12' title="bbox 98 2729 887 2921">
     <span class='ocr_line' id='line_1_38' title="bbox 131 2729 785 2793; baseline -0.003 -14"><span class='ocrx_word' id='word_1_224' title='bbox 131 2731 198 2793; x_wconf 88' lang='lat' dir='ltr'>Quia</span> <span class='ocrx_word' id='word_1_225' title='bbox 219 2731 326 2779; x_wconf 89' lang='lat' dir='ltr'>cinerem</span> <span class='ocrx_word' id='word_1_226' title='bbox 345 2737 463 2792; x_wconf 88' lang='lat' dir='ltr'>tanquam</span> <span class='ocrx_word' id='word_1_227' title='bbox 481 2743 525 2792; x_wconf 86' lang='lat' dir='ltr'>pa·</span> <span class='ocrx_word' id='word_1_228' title='bbox 555 2744 609 2776; x_wconf 91' lang='lat' dir='ltr'>rum</span> <span class='ocrx_word' id='word_1_229' title='bbox 620 2729 707 2776; x_wconf 86' lang='lat' dir='ltr'>nuntia</span> <span class='ocrx_word' id='word_1_230' title='bbox 716 2729 785 2777; x_wconf 92' lang='lat' dir='ltr'>mihi.</span> 
     </span>
     <span class='ocr_line' id='line_1_39' title="bbox 98 2793 887 2857; baseline -0.003 -14"><span class='ocrx_word' id='word_1_231' title='bbox 98 2811 155 2843; x_wconf 92' lang='lat' dir='ltr'>nem</span> <span class='ocrx_word' id='word_1_232' title='bbox 174 2794 375 2843; x_wconf 87' lang='lat' dir='ltr'>manducabam:</span> <span class='ocrx_word' id='word_1_233' title='bbox 393 2800 417 2842; x_wconf 89' lang='lat' dir='ltr'>et</span> <span class='ocrx_word' id='word_1_234' title='bbox 438 2799 526 2857; x_wconf 91' lang='lat' dir='ltr'>potum</span> <span class='ocrx_word' id='word_1_235' title='bbox 584 2793 626 2841; x_wconf 89' lang='lat' dir='ltr'>Ne</span> <span class='ocrx_word' id='word_1_236' title='bbox 647 2808 746 2841; x_wconf 90' lang='lat' dir='ltr'>revoces</span> <span class='ocrx_word' id='word_1_237' title='bbox 768 2809 809 2841; x_wconf 87' lang='lat' dir='ltr'>me</span> <span class='ocrx_word' id='word_1_238' title='bbox 831 2793 858 2841; x_wconf 91' lang='lat' dir='ltr'>in</span> <span class='ocrx_word' id='word_1_239' title='bbox 880 2810 887 2841; x_wconf 72' lang='lat' dir='ltr'>r</span> 
     </span>
     <span class='ocr_line' id='line_1_40' title="bbox 99 2857 887 2921; baseline -0.001 -14"><span class='ocrx_word' id='word_1_240' title='bbox 99 2875 182 2908; x_wconf 91' lang='lat' dir='ltr'>meum</span> <span class='ocrx_word' id='word_1_241' title='bbox 194 2867 251 2908; x_wconf 78' lang='lat' dir='ltr'>crnn</span> <span class='ocrx_word' id='word_1_242' title='bbox 262 2859 320 2909; x_wconf 92' lang='lat' dir='ltr'>fletu</span> <span class='ocrx_word' id='word_1_243' title='bbox 329 2858 469 2907; x_wconf 87' lang='lat' dir='ltr'>miscebam.</span> <span class='ocrx_word' id='word_1_244' title='bbox 554 2857 649 2905; x_wconf 90' lang='lat' dir='ltr'>dierum</span> <span class='ocrx_word' id='word_1_245' title='bbox 660 2872 772 2906; x_wconf 91' lang='lat' dir='ltr'>meorum</span> <span class='ocrx_word' id='word_1_246' title='bbox 787 2875 793 2906; x_wconf 77' lang='grc' dir='ltr'><strong>ε</strong></span> <span class='ocrx_word' id='word_1_247' title='bbox 809 2857 836 2906; x_wconf 92' lang='lat' dir='ltr'>in</span> <span class='ocrx_word' id='word_1_248' title='bbox 847 2874 887 2921; x_wconf 87' lang='lat' dir='ltr'>ger</span> 
     </span>
    </p>

    <p class='ocr_par' dir='ltr' id='par_1_13' title="bbox 98 2921 887 3052">
     <span class='ocr_line' id='line_1_41' title="bbox 130 2921 887 2986; baseline 0 -15"><span class='ocrx_word' id='word_1_249' title='bbox 130 2924 155 2971; x_wconf 92' lang='lat' dir='ltr'>A</span> <span class='ocrx_word' id='word_1_250' title='bbox 172 2923 234 2972; x_wconf 82' lang='lat' dir='ltr'>facie</span> <span class='ocrx_word' id='word_1_251' title='bbox 248 2924 291 2973; x_wconf 86' lang='lat' dir='ltr'>irae</span> <span class='ocrx_word' id='word_1_252' title='bbox 307 2930 333 2972; x_wconf 91' lang='lat' dir='ltr'>et</span> <span class='ocrx_word' id='word_1_253' title='bbox 348 2921 523 2986; x_wconf 84' lang='lat' dir='ltr'>indignationis</span> <span class='ocrx_word' id='word_1_254' title='bbox 555 2937 613 2970; x_wconf 92' lang='lat' dir='ltr'>nem</span> <span class='ocrx_word' id='word_1_255' title='bbox 646 2928 671 2970; x_wconf 92' lang='lat' dir='ltr'>et</span> <span class='ocrx_word' id='word_1_256' title='bbox 702 2922 887 2985; x_wconf 88' lang='lat' dir='ltr'>generationem</span> 
     </span>
     <span class='ocr_line' id='line_1_42' title="bbox 98 2986 598 3052; baseline -0.002 -17"><span class='ocrx_word' id='word_1_257' title='bbox 98 2992 146 3036; x_wconf 89' lang='lat' dir='ltr'>tuae</span> <span class='ocrx_word' id='word_1_258' title='bbox 162 3005 168 3036; x_wconf 90' lang='lat'>:</span> <span class='ocrx_word' id='word_1_259' title='bbox 185 2989 243 3052; x_wconf 86' lang='lat' dir='ltr'>quia</span> <span class='ocrx_word' id='word_1_260' title='bbox 254 2987 351 3036; x_wconf 88' lang='lat' dir='ltr'>elevans</span> <span class='ocrx_word' id='word_1_261' title='bbox 362 2986 457 3036; x_wconf 84' lang='lat' dir='ltr'>allisisti</span> <span class='ocrx_word' id='word_1_262' title='bbox 472 3002 519 3035; x_wconf 89' lang='lat' dir='ltr'>me.</span> <span class='ocrx_word' id='word_1_263' title='bbox 555 2986 598 3035; x_wconf 91' lang='lat' dir='ltr'>tui.</span> 
     </span>
    </p>

    <p class='ocr_par' dir='ltr' id='par_1_14' title="bbox 130 3049 870 3164">
     <span class='ocr_line' id='line_1_43' title="bbox 130 3049 870 3164; baseline -0.003 -63"><span class='ocrx_word' id='word_1_264' title='bbox 130 3051 192 3164; x_wconf 58' lang='lat' dir='ltr'>nie}</span> <span class='ocrx_word' id='word_1_265' title='bbox 201 3052 250 3100; x_wconf 90' lang='lat' dir='ltr'>mei</span> <span class='ocrx_word' id='word_1_266' title='bbox 266 3051 328 3100; x_wconf 91' lang='lat' dir='ltr'>sicut</span> <span class='ocrx_word' id='word_1_267' title='bbox 344 3052 433 3100; x_wconf 84' lang='lat' dir='ltr'>umbra</span> <span class='ocrx_word' id='word_1_268' title='bbox 448 3049 523 3100; x_wconf 92' lang='lat' dir='ltr'>decli·</span> <span class='ocrx_word' id='word_1_269' title='bbox 589 3049 665 3099; x_wconf 90' lang='lat' dir='ltr'>Initio</span> <span class='ocrx_word' id='word_1_270' title='bbox 689 3057 724 3110; x_wconf 84' lang='lat' dir='ltr'>tu,</span> <span class='ocrx_word' id='word_1_271' title='bbox 751 3050 870 3112; x_wconf 89' lang='lat' dir='ltr'>Domine,</span> 
     </span>
    </p>

    <p class='ocr_par' dir='ltr' id='par_1_15' title="bbox 161 3127 208 3164">
     <span class='ocr_line' id='line_1_44' title="bbox 161 3127 208 3164; baseline -0.043 0"><span class='ocrx_word' id='word_1_272' title='bbox 161 3127 208 3164; x_wconf 85' lang='lat'>22</span> 
     </span>
    </p>
   </div>
   <div class='ocr_carea' id='block_1_9' title="bbox 0 0 1024 3458">
    <p class='ocr_par' dir='ltr' id='par_1_16' title="bbox 0 0 1024 3458">
     <span class='ocr_line' id='line_1_45' title="bbox 0 0 1024 3458; baseline 0 0"><span class='ocrx_word' id='word_1_273' title='bbox 0 0 1024 3458; x_wconf 95' lang='lat' dir='ltr'> </span> 
     </span>
    </p>
   </div>
  </div>
 </body>
</html>
