2092 3450
179 560 308 658 linem
337 563 378 679 iu
405 564 529 646 mrum
556 566 833 668 munimntum.

59 773 178 821 Officium
192 775 345 824 Matutinum
358 785 382 825 et
395 778 571 842 Vespertinum
586 781 612 828 in
625 781 740 833 Navibus
755 788 864 849 quotidie
877 793 934 838 reci·

89 840 196 952 ffluntr
208 841 274 889 idern
284 843 316 890 sit
328 843 395 908 quod
404 845 429 890 in
439 845 516 893 Libro
526 847 628 894 Precunr
641 850 799 899 l'ublicurum
808 858 935 920 praescrip-

156 921 182 952 es
195 942 201 954 .

59 1056 189 1114 Praeterea,
213 1058 347 1107 Orationes
369 1061 425 1108 duae
449 1078 486 1109 se-

90 1130 195 1183 quentes
214 1122 238 1170 in
262 1124 377 1172 Navibus
398 1127 484 1188 Regio:
677 1115 772 1165 01ἩῖῙο-

89 1186 230 1248 Majestatis
248 1191 360 1252 quotidie
378 1191 482 1240 recitari·
568 1221 724 1273 CTIONES
748 1229 843 1273 nostras
873 1239 937 1288 φα.

515 1220 576 1340 Α
602 1303 693 1348 sumus,
705 1287 820 1348 Domine,
831 1260 938 1353 aspirari·

49 1349 232 1474 DOMINE
243 1349 311 1401 Deus
329 1358 427 1410 aeterne,
441 1352 484 1416 qui
515 1351 549 1400 do
560 1351 676 1416 praeveni,
690 1359 715 1401 et
731 1352 872 1416 adjuvando
883 1368 939 1417 pro·

89 1251 128 1298 dae
141 1261 205 1299 sunt.

148 1414 215 1465 solus
229 1416 340 1465 extendis
350 1416 449 1476 coelum,
460 1423 485 1465 et
515 1431 634 1491 sequere:
649 1423 677 1466 ut
689 1424 777 1466 cuncta
786 1425 870 1466 nostra
881 1434 939 1482 ope·

56 1480 192 1529 dominaris
202 1480 318 1544 potestati
332 1481 424 1540 maris3
441 1481 484 1544 qui
515 1487 578 1529 ratio
595 1496 611 1529 a
629 1487 654 1530 te
671 1496 769 1545 semper
786 1482 895 1545 incipiat,
915 1489 940 1530 et

57 1545 189 1593 terminum
207 1544 389 1593 circumdedisti
402 1546 480 1609 aquis,
516 1560 560 1608 per
571 1552 596 1594 te
607 1552 689 1609 coepta
700 1544 807 1605 finiatur,
818 1554 938 1610 quatenus

56 1624 135 1672 usque
162 1609 222 1657 dum
249 1607 366 1658 finiantur
392 1609 435 1658 lux
459 1617 484 1658 et
515 1616 627 1658 sanctum
652 1608 752 1659 Nomen
773 1618 844 1659 tuum
865 1610 939 1673 glori·

56 1673 178 1722 tenebrae:
198 1673 315 1735 Dignere,
334 1689 481 1738 quaesumus,
515 1671 623 1733 ficemus,
654 1681 678 1723 et
704 1675 871 1723 misericordia
897 1682 940 1723 tua

55 1738 82 1785 in
99 1737 315 1786 clementissimam
332 1745 356 1786 et
371 1738 483 1801 omnipo·
515 1737 592 1785 vitam
611 1748 730 1786 aeternam
751 1754 936 1803 consequamur.

57 1809 151 1850 tentem
162 1801 265 1849 tutelam
280 1808 349 1850 tuam
361 1802 484 1866 suscipere
516 1802 563 1850 Per
572 1802 657 1866 Jesum
666 1802 792 1852 Christum
803 1803 939 1853 Dominum

56 1881 103 1914 nos
113 1866 219 1914 famulos
231 1872 293 1925 tuos,
308 1873 332 1914 et
344 1864 446 1915 classem
457 1867 483 1914 in
515 1873 633 1916 nostrum.
669 1869 758 1916 Amen.

56 1946 107 1995 qua
122 1945 252 1979 meremus.
289 1930 393 1979 Custodi
408 1946 484 1979 nosa

56 1994 173 2058 periculis
192 1994 274 2054 maris,
293 2001 319 2043 et
335 2009 350 2043 a
365 1994 483 2043 violentia
508 1995 641 2045 Orationes
651 1998 714 2048 inter
723 2001 801 2051 Maris
811 2004 928 2069 Tempes-

56 2058 172 2109 inimici:
195 2066 223 2107 ut
247 2059 406 2108 serenissimoe
434 2060 483 2108 Re·
620 2070 683 2112 tates
694 2067 814 2117 dicendae.

56 2125 123 2186 ginae
138 2130 229 2172 nostrae
240 2122 358 2172 Victoriae
374 2129 400 2172 et
414 2123 483 2172 terris

57 2188 111 2251 ejus
126 2187 242 2251 praesidio
258 2187 341 2248 simus,
357 2195 381 2236 et
397 2203 484 2237 omnes
509 2182 689 2306 DOMINE
717 2185 792 2247 Deus,
822 2189 939 2251 potentis·

57 2252 101 2317 qui
120 2251 148 2300 in
165 2252 271 2314 negotiis
287 2252 337 2301 suis
351 2251 424 2314 justis
442 2268 484 2315 ge·
605 2250 667 2300 sime
676 2257 700 2299 et
707 2251 889 2315 gloriosissime,
897 2253 939 2317 qui

57 2315 141 2366 tendis
167 2331 236 2365 mare
260 2323 391 2376 transeant,
416 2332 484 2366 secu-
516 2314 606 2375 dixisti,
617 2321 642 2364 et
650 2321 768 2365 steterunt
776 2316 874 2380 spiritus
883 2332 939 2380 pro·

58 2381 135 2429 riores
146 2380 295 2430 reddamus:
311 2388 431 2445 quatenus
447 2381 484 2429 in·
516 2379 592 2438 cellae,
615 2387 639 2428 et
659 2380 759 2429 exaltati
776 2388 834 2429 sunt
852 2379 940 2429 fluctus

57 2445 119 2494 sulae
135 2451 226 2493 nostrae
242 2444 329 2494 incolae
341 2445 367 2493 in
382 2459 443 2509 pace
459 2454 485 2494 et
515 2444 598 2503 maris,
617 2443 660 2508 qui
676 2444 752 2493 etiam
767 2451 864 2493 motum
880 2444 939 2494 fluc-

58 2508 237 2574 tranquillitate
258 2509 303 2558 tibi
323 2508 378 2558 Deo
400 2518 485 2558 nostro
515 2507 940 2572 tuumejusmitigaeroscreaturae

59 2574 175 2632 serviant,
189 2580 213 2622 et
229 2588 275 2622 nos
291 2572 426 2623 incolumes
441 2574 484 2622 do·
515 2579 572 2632 tuae,
580 2573 663 2621 miseri
670 2581 752 2621 autem
759 2579 907 2636 peccatores,
914 2574 940 2622 in

59 2652 128 2687 mum
145 2637 274 2687 redeamus
289 2645 317 2686 ut
327 2637 399 2687 bonis
415 2645 485 2687 terrae
516 2637 564 2686 hac
582 2652 673 2700 magna
690 2637 835 2686 necessitate
856 2644 940 2687 nostra

59 2702 176 2760 fruamus,
189 2701 294 2750 fructum
306 2702 384 2751 nostri
394 2702 486 2752 laboris
516 2701 635 2751 auxilium
666 2708 736 2750 tuum
768 2701 936 2764 imploramus.

59 2765 200 2824 relerentes,
222 2772 248 2815 et
265 2766 485 2816 misericordiarum
517 2766 652 2824 Auxiliare,
671 2764 787 2826 Domine,
805 2781 837 2814 ne
856 2781 939 2830 perea·

60 2838 159 2881 tuarum
174 2845 296 2880 memores
309 2840 421 2880 sanctum
432 2831 485 2879 No·
516 2845 579 2879 mus.
608 2828 940 2894 Confitemurquodintem·

60 2909 118 2944 men
128 2902 200 2944 tuum
216 2892 345 2944 laudemus
359 2902 384 2944 et
394 2895 485 2958 glorifi·
516 2910 577 2959 pore
585 2893 720 2943 securitatis
727 2900 752 2942 et
758 2894 941 2959 tranquillitatis

59 2973 152 3008 cemus.
189 2959 236 3007 Per
253 2958 339 3022 Jesum
360 2959 486 3009 Christum
516 2959 553 3008 tui
566 2956 774 3007 obliviscebamur
789 2958 837 3008 Dei
852 2960 930 3010 nostri

61 3022 198 3074 Dominum
208 3030 325 3074 nostrum.
361 3027 450 3074 Amen.
518 3031 542 3072 et
559 3021 627 3071 verbi
643 3022 680 3071 tui
696 3021 779 3072 lenem
794 3039 886 3074 vocem
897 3039 945 3071 as·

125 3097 174 3152 317
