2040 3458
68 143 202 192 narn.
453 140 560 205 psalmi.
828 146 905 193 ΑΝ.

68 283 353 337 ctexsdtationecolles
365 284 494 349 accingen-
558 283 732 333 Transivimus
754 298 803 348 per
826 283 905 347 ignem

68 363 109 402 tur
526 363 618 423 aquam
632 365 640 397 ι
655 355 680 398 et
695 347 805 398 eduxisti
821 347 905 397 nosin

102 414 187 465 induti
211 421 268 464 sunt
290 414 377 462 arietes
399 412 491 472 ovium,
527 412 659 476 frigerium.

69 488 94 530 et
103 480 178 529 valles
186 478 349 529 abundabunt
356 477 494 526 frumento:
561 476 674 526 Introibo
689 477 716 526 in
730 477 838 526 domum
851 483 905 526 tuan

69 545 230 603 clamabunt;
257 543 348 592 etenim
375 542 495 606 hymnum
527 541 699 591 holocaustis:
715 542 824 591 reddam
839 541 905 590 tibia

70 611 160 659 dicent.
383 614 386 619 '
528 622 591 667 mea,
618 619 674 671 quae
700 605 867 655 distinxeram
890 605 905 654 n

528 686 591 720 mea.

162 754 290 802 Psatuus
308 751 404 802 LXVL
562 735 596 784 El
605 735 717 784 mium
730 742 770 784 “t
780 750 810 784 0⁵
821 750 902 784 meum

529 800 762 850 tribulationem

116 866 297 919 UBILATE
327 866 384 915 Deo
415 865 497 915 omnis
563 864 718 914 Holocausta
735 863 874 913 medullata
888 875 905 913 ot

146 930 349 995 terrapsalmum
360 930 496 980 diciteNo·
529 945 571 978 am
581 929 626 978 tibi
644 944 699 977 eum
715 928 821 978 incenso
836 929 905 977 arieti

146 996 208 1044 mini
227 995 300 1060 ejus:
316 994 375 1044 date
391 994 497 1059 gloriam
530 994 632 1044 offeram
641 992 688 1042 tibi
698 993 777 1042 boves
789 993 905 1042 cumhirr

71 1059 139 1109 laudi
150 1060 210 1124 ejus
563 1057 660 1116 Venite,
681 1057 775 1116 audite,
798 1065 825 1106 et
843 1071 905 1106 narra

105 1124 188 1173 Dicite
205 1124 269 1182 De0‚
288 1139 363 1188 quam
379 1122 498 1172 terribilia
530 1138 616 1173 omnes
622 1123 665 1187 qui
671 1121 765 1171 timetis
772 1121 872 1185 Deum:
882 1136 905 1186 qi

72 1197 129 1238 sunt
147 1203 223 1252 opera
243 1198 292 1248 tua,
315 1188 424 1237 Domine
443 1205 450 1236 ι
472 1187 498 1235 in
530 1195 556 1236 ta
566 1185 805 1236 iecitanimaemeae.

26 1282 29 1289 ·
74 1253 230 1302 multitudine
246 1253 342 1302 virtutis
361 1259 410 1302 tuae
429 1267 498 1301 men·
562 1251 606 1301 Ad
616 1251 698 1314 ipsum
709 1265 753 1299 ore
764 1266 822 1300 meo
837 1249 905 1300 clami

73 1319 164 1366 tientur
174 1317 220 1367 tibi
231 1317 377 1367 inimicitui
531 1315 672 1366 aualnvi
683 1313 729 1363 sub
740 1314 828 1378 lingua
839 1330 899 1364 mea

106 1381 195 1432 Omnis
219 1389 283 1431 terra
308 1382 394 1430 adoret
415 1387 448 1439 te,
473 1387 498 1429 et
564 1378 905 1444 Iniquitatemsiaspexiinct

74 1446 163 1509 psallat
185 1446 231 1496 tibi
251 1464 257 1496 ε
283 1446 407 1511 psalmum
431 1445 498 1494 dicat
531 1458 668 1493 meoznon
679 1443 795 1492 exaudiet
807 1444 905 1493 Domini

75 1510 178 1560 Nomini
190 1517 239 1560 tuo.
564 1509 698 1572 Propterea
719 1508 848 1557 exaudivit
869 1507 905 1556 De

106 1574 196 1624 Venite
211 1584 236 1624 et
246 1575 328 1623 videte
339 1590 415 1638 opera
431 1574 498 1622 Dei:
532 1582 555 1622 et
577 1573 681 1621 attendit
701 1573 757 1620 voci
779 1572 905 1636 deprecati*

74 1640 188 1688 terribilis
199 1641 225 1687 in
234 1639 340 1688 consiliis
351 1654 424 1702 super
435 1637 498 1686 filios
531 1653 599 1686 meae.

75 1704 209 1752 hominum.
565 1702 712 1750 Benedictus
735 1701 814 1760 Deus,
840 1703 882 1764 qui

108 1768 157 1829 Qui
180 1770 300 1817 convertit
319 1783 386 1816 mare
408 1767 433 1814 in
453 1767 498 1814 ari·
532 1766 625 1815 amovit
646 1766 785 1814 orationem
806 1782 886 1814 meam

75 1833 132 1879 dam
142 1850 150 1892 ;
166 1833 192 1880 in
203 1833 305 1881 flumine
318 1832 499 1895 pertransibunt
532 1831 724 1879 misericordiam
736 1846 807 1879 suam
819 1846 835 1878 a
845 1846 891 1879 me.

76 1896 139 1959 pede
154 1914 160 1944 τ
177 1896 211 1944 ibi
223 1896 361 1944 laetabimur
373 1897 469 1958 inipso.

108 1960 157 2021 Qui
168 1961 308 2008 dominatur
319 1962 345 2008 in
356 1961 445 2009 virtute
456 1976 499 2008 sua

76 2025 101 2071 in
119 2033 237 2072 aeternnm
247 2043 254 2082 ;
274 2026 338 2073 oculi
357 2025 408 2087 ejus
427 2040 500 2087 super
616 2026 745 2073 PSALMUS
762 2025 876 2073 LXVII.

75 2096 159 2151 gentes
175 2089 307 2151 respiciunt
323 2108 328 2137 :
346 2090 388 2153 qui
400 2105 498 2151 exaspe-

76 2160 130 2200 rant
146 2168 197 2200 non
214 2153 351 2201 exaltentur
366 2154 392 2201 in
412 2161 499 2201 semet·
601 2153 669 2202 EUS
682 2152 828 2201 misereatur
837 2162 905 2202 nostr

75 2218 140 2280 ipsis.
628 2218 759 2266 benedicat
767 2218 842 2266 nobis
853 2236 859 2266 ι
871 2219 905 2266 illi

109 2281 341 2343 Benedicitegentes
351 2283 432 2330 Deum
443 2298 499 2330 nos·
532 2289 573 2331 net
585 2283 680 2330 vultum
696 2297 767 2329 suum
779 2298 855 2345 super
870 2299 905 2331 no:

76 2356 139 2393 trum
152 2363 158 2394 ι
170 2353 194 2393 et
205 2346 315 2393 auditam
330 2346 402 2394 facite
413 2362 499 2394 vocem
532 2348 674 2394 misereatur
685 2347 768 2394 nostri.

77 2411 154 2458 laudis
166 2410 224 2471 ejus.
567 2413 785 2474 Utcognoscamus
793 2411 819 2459 in
827 2418 905 2459 terrai

109 2475 158 2537 Qui
170 2474 251 2537 posuit
261 2474 368 2521 animam
378 2490 459 2522 meam
467 2475 499 2522 ad
532 2483 601 2524 tuam
626 2493 632 2525 :
659 2477 686 2523 in
708 2477 825 2523 omnibus
847 2484 906 2539 gent

76 2543 152 2587 vitam
165 2555 170 2588 τ
183 2546 207 2587 et
218 2554 268 2586 non
277 2538 345 2586 dedit
356 2539 381 2586 in
391 2555 499 2587 commo·
531 2541 637 2589 salutare
649 2547 724 2587 tuum.

77 2605 168 2652 tionem
179 2604 254 2666 pedes
265 2618 340 2650 meos.
566 2605 735 2653 Confiteantur
783 2605 831 2652 tibi
876 2621 905 2667 pc

109 2669 233 2730 Quoniam
239 2667 347 2731 probasti
355 2683 407 2725 uos,
416 2668 484 2715 Deus
494 2687 499 2716 :
533 2670 602 2717 Deus
618 2687 624 2717 ι
636 2669 800 2717 confiteantur
811 2670 857 2718 tibi
875 2686 905 2733 po

76 2734 133 2794 igne
144 2749 188 2782 nos
206 2732 355 2791 examinasti,
370 2735 431 2780 sicut
444 2748 499 2780 exa·
533 2749 625 2782 omnes.

76 2799 183 2846 minatur
193 2804 327 2861 argentum.
566 2798 692 2846 Laeteutur
705 2804 729 2845 et
739 2797 851 2847 exultent
862 2815 905 2861 gen

109 2862 230 2910 Induxisti
253 2878 297 2911 nos
322 2861 349 2910 in
373 2861 495 2926 laqueum,
532 2863 648 2926 quoniam
676 2861 773 2925 judicas
801 2864 905 2926 populos

76 2926 179 2984 posuisti
197 2927 364 2975 tribulationes
381 2927 407 2974 in
426 2927 499 2974 dorso
532 2928 655 2991 aequitate,
680 2934 705 2975 et
731 2933 819 2988 gentes
843 2929 870 2976 in
898 2935 905 2976 t

76 2996 159 3037 nostro
186 3009 192 3038 ε
219 2992 358 3055 imposuisti
387 2991 500 3040 homines
533 2991 623 3054 dirigis.

75 3065 149 3113 super
160 3055 240 3166 cgpita
251 3064 340 3105 nostra.
459 3052 469 3104 s
566 3055 737 3105 Confiteantur
775 3055 822 3104 tibi
863 3072 905 3121 po]

141 3127 172 3179 ²5
885 3157 888 3163 .
