2092 3450
162 172 221 219 Dies
233 174 262 220 X
261 174 290 222 X
294 175 335 223 Vl.
542 173 649 238 iflgalmi
918 183 950 228 Aa

159 335 276 385 semper:
292 327 317 369 et
339 318 419 383 legem
437 325 506 368 tuam
532 335 583 368 non
647 317 721 370 Oculi
731 315 950 369 meidefecemuti

159 400 214 433 sum
225 384 322 434 oblitus
614 390 748 433 taretuum
762 401 769 434 ε
785 380 950 446 etineloquiu

193 449 330 499 Posuerunt
363 454 506 512 peccatores
548 447 584 496 la·
615 448 677 497 titiae
687 455 744 497 tuae.

160 529 250 578 queum
271 512 353 561 mihi:
369 520 394 562 et
411 512 443 561 de
461 512 585 561 mandetis
649 513 700 561 Fac
710 527 767 561 cum
778 527 850 561 servo
858 519 950 560 moseo

160 579 207 626 tuis
218 593 269 626 non
279 576 364 626 erravi
616 576 810 626 misericordiam
827 583 896 624 tuum
909 579 950 623 :et

192 641 346 690 Haereditate
372 640 491 704 acquisivi
518 640 585 689 testi·
616 641 742 690 ficationes
753 649 809 689 tuas
820 640 885 688 doce
895 653 940 688 me.

160 705 244 754 monis
265 711 308 753 tua
327 705 352 753 in
372 712 490 754 aeternum
504 722 510 754 ;
526 705 586 769 quia
649 704 739 755 Servus
761 711 819 754 tuus
840 719 896 752 sum
915 716 950 766 egl

160 769 291 818 exsultatio
302 769 383 818 cordis
393 769 442 818 mei
453 776 517 818 sunt.
616 769 677 818 mihi
688 769 843 818 intellectum
859 774 888 816 ut
902 767 950 816 scie

192 833 314 883 Inclinavi
338 849 381 882 cor
401 849 485 882 meum
501 833 534 882 ad
550 831 584 880 sa·
616 833 779 883 timoniatue
825 836 828 841 '

161 898 260 947 ciendos
276 897 464 962 justificationes
485 905 540 946 tuas
559 898 584 944 in
649 898 759 962 Tempus
779 896 895 955 faciendi,
916 895 950 944 Dc

160 969 298 1011 ueternum:
315 969 416 1026 propter
446 962 584 1010 retributio·
615 961 794 1026 dissipaverunt
805 960 886 1024 legem
898 966 950 1008 tuen

161 1042 225 1076 nem.
649 1026 711 1075 Ideo
738 1025 814 1074 dilexi
841 1023 950 1073 mandeti

617 1106 690 1154 super
700 1105 787 1139 aurum
798 1097 824 1139 et
835 1088 950 1164 topasion

193 1188 332 1252 NlQuos
358 1189 417 1238 odio
431 1188 539 1263 'mom
562 1195 586 1236 et
617 1154 951 1267 tuffflffieoeffdfimfflm

164 1192 188 1316 l
227 1253 322 1316 ‚legem
332 1260 401 1301 tuam
412 1253 494 1301 dilen.
728 1233 759 1281 ge
777 1234 805 1266 ar
827 1253 834 1268 ·
858 1231 950 1266 omnem

196 1317 304 1380 Adjutor
325 1323 350 1366 et
372 1323 499 1381 susceptor
517 1331 586 1365 meus
617 1283 727 1347 iniquam
738 1283 796 1332 odio
807 1281 894 1331 habui,

162 1397 188 1430 es
208 1389 237 1430 tu
258 1396 264 1429 :
289 1387 314 1430 et
340 1381 367 1430 in
392 1381 495 1430 verbum
517 1388 587 1429 tuum

163 1462 191 1495 ⁵¹¹
210 1461 235 1494 ‘¹
266 1445 338 1494 “all
702 1479 868 1529 1RA131L1A
907 1485 950 1528 teu

219 1510 323 1558 ecinate
340 1525 356 1557 a
370 1525 410 1558 me
424 1508 545 1572 maligni:
563 1515 587 1557 et
791 1544 840 1592 ..d

162 1574 288 1622 scrutabor
298 1573 416 1621 mandata
427 1573 476 1621 Dei
486 1573 543 1622 mei.
693 1610 699 1621 .
733 1552 797 1593 tua·
814 1560 822 1592 ¹
842 1559 873 1594 ⁶⁰
889 1549 950 1593 ml

195 1637 297 1700 Suscipe
319 1653 360 1686 me
381 1638 515 1686 secundum
537 1637 587 1685 elo·
619 1624 816 1722 eassnnpamea.
948 1685 950 1694 ,

163 1702 248 1764 quium
259 1710 336 1760 tuum,
347 1708 371 1749 et
383 1701 465 1749 vivam
479 1718 484 1750 :
502 1709 526 1750 et
537 1716 588 1750 non
621 1740 625 1750 .
679 1690 706 1749 ef
716 1680 794 1721 araim
803 1687 944 1747 “imnum

163 1766 296 1814 confundas
314 1781 354 1814 me
365 1766 396 1814 ab
408 1767 589 1830 exspectatione
617 1739 763 1868 ggssffiff‘
780 1744 805 1786 et
828 1737 950 1785 micum

166 1846 227 1877 mea.
882 1866 887 1875 .

652 1867 688 1915 Os
704 1882 787 1914 meum
803 1881 897 1928 aperm,
917 1872 941 1913 et

619 1932 731 1993 spiritum
752 1947 759 1980 s
784 1930 844 1995 quia
865 1929 950 1977 manda

618 1995 795 2045 desiderabam.

651 2060 744 2122 Aspice
765 2060 791 2106 in
812 2074 855 2107 me
882 2063 907 2106 et
932 2071 950 2104 u

619 2125 688 2172 mei:
705 2123 840 2172 secundum
855 2121 950 2185 judieiu

619 2189 729 2252 gentium
740 2187 842 2235 Nomen
854 2195 930 2234 tuum.

652 2253 755 2302 Gressus
777 2266 847 2299 meos
867 2251 944 2312 dirige

620 2318 679 2364 dum
701 2315 826 2379 eloquium
845 2322 936 2363 tuum:

195 1893 295 1956 Adjuva
305 1910 353 1953 me,
368 1902 392 1942 et
401 1894 482 1942 salvus
490 1910 531 1942 ero
544 1910 549 1941 :
564 1902 587 1941 et

163 1959 301 2006 meditabor
325 1959 350 2006 in
373 1958 588 2022 justificationibus

163 2022 210 2070 tuis
221 2038 323 2086 semper.

196 2087 315 2149 Sprevisti
332 2101 417 2135 omnes
436 2087 588 2135 discedentes

163 2167 178 2197 a
197 2150 295 2214 judiciis
313 2151 361 2199 tuis
383 2163 388 2194 ι
413 2152 472 2214 quia
499 2150 589 2213 injusta

165 2215 281 2276 cogitatio
293 2231 384 2263 eorum.

196 2279 385 2327 Praevaricantes
408 2279 519 2342 reputavi
536 2294 588 2327 om·

164 2358 207 2391 nes
219 2351 359 2406 peccatores
376 2350 446 2392 terrae
461 2362 467 2392 ι
484 2344 540 2391 ideo
553 2344 589 2390 di·
680 2381 685 2391 .
828 2380 834 2389 .
924 2378 929 2389 .

164 2408 213 2455 lexi
225 2407 365 2455 testimonia
375 2414 424 2455 tua.
620 2382 759 2429 d⁰m¹¹¹⁶tur
786 2395 835 2427 Μ
864 2393 942 2427 ⁰m¹¹¹⁵

196 2471 299 2533 Confige
321 2471 409 2520 timore
434 2479 477 2520 tuo
505 2487 589 2519 sames
621 2445 680 2493 Μ’

163 2552 230 2584 meas
245 2554 251 2584 :
269 2551 283 2582 a
298 2535 396 2596 judiciis
413 2536 477 2583 enim
495 2536 543 2584 tuis
560 2536 589 2583 ti·
648 2509 758 2584 ,ΜΝ
773 2523 815 2556 ¹¹¹⁶
831 2524 847 2555 ὃ
863 2508 950 2582 calumt

163 2601 221 2648 mui.
620 2589 714 2621 minum
729 2592 736 2622 ι
752 2579 779 2621 ut
797 2572 950 2621 custodmmi

620 2646 646 2686 ta
657 2647 706 2685 tua.

653 2702 753 2750 Faciem
763 2708 832 2748 tuam
849 2701 950 2749 illumin

224 2767 283 2816 ECI
291 2766 410 2829 judicium
423 2775 446 2814 et
453 2766 589 2828 justitiam:
620 2781 717 2814 servum
728 2773 799 2813 tuum
814 2783 820 2813 z
838 2773 862 2813 et
874 2765 935 2812 doce
945 2778 950 2809 ι

255 2847 306 2880 non
332 2831 414 2880 tradas
436 2847 477 2880 me
498 2832 588 2879 calum·
621 2830 838 2878 tificationestuas.

164 2897 288 2945 niantibus
298 2912 345 2944 me.
653 2894 741 2942 Exitus
757 2907 877 2956 aquarum
894 2891 950 2940 dedt

197 2961 301 3024 Suscipe
315 2976 410 3010 servum
428 2967 497 3007 tuum
508 2958 534 3007 in
544 2959 588 3007 bo·
621 2958 687 3006 oculi
697 2958 747 3006 mei
762 2976 768 3006 ε
785 2958 844 3021 quia
860 2972 910 3005 non
927 2970 950 3004 cu

164 3041 248 3073 num:
269 3041 318 3073 non
344 3025 522 3072 calumnientur
549 3039 589 3071 mc
621 3030 677 3071 runt
688 3022 768 3086 legem
780 3029 854 3069 tuam.

164 3089 268 3151 superbi.

225 3164 276 3215 300
