2092 3450
466 148 577 204 ilitanin.

84 292 202 356 guineum
210 291 332 341 Sudorem
339 307 348 351 ;
358 306 402 356 per
409 290 514 339 Crucem
545 289 651 352 byteros,
665 296 690 338 et
705 289 830 338 Diaconos
842 305 900 338 vera
913 305 972 352 cog·

86 365 111 406 et
128 357 272 405 Passionem
288 362 376 414 tuam;
399 370 443 419 per
458 370 512 418 pre·
543 353 637 402 uitione
648 361 673 402 et
683 360 750 402 recto
765 353 891 402 intellectu
901 355 972 403 verbi

85 422 176 471 tiosam
191 421 300 469 Mortem
314 425 339 468 et
356 418 389 468 Se
407 419 513 466 ulturam
543 417 579 465 tui
590 417 728 466 illuminare
739 417 864 480 digneris3
880 424 972 466 uttam

85 495 171 545 tuam;
187 500 232 550 per
240 483 373 548 gloriosam
408 498 513 532 esurrec·
543 480 657 531 docendo
667 497 743 546 quarn
754 481 860 530 vivendo
871 481 897 529 id
913 497 970 547 pro·

84 551 178 599 tionem
192 555 217 598 et
232 548 411 597 Ascensionem
428 555 513 608 tuam3
543 544 623 595 serant
634 553 659 595 et
671 546 852 605 commendent,

85 623 109 664 et
144 629 190 678 per
225 612 370 661 Adventum
405 611 512 676 Spiritus
580 611 868 674 Drogamusaudinos,
881 611 946 659 Dne.

86 678 178 737 Sancti,
572 675 971 738 UtConsiliariosregiosettotam

116 741 204 790 'Latera
216 757 266 801 nos,
279 741 392 789 Domine.
542 742 569 790 N
570 740 707 789 obilitatem
713 739 799 803 gratia,
806 740 934 803 sapientia,
947 747 971 789 et

117 806 148 854 In
154 805 221 855 omni
229 812 340 868 tempore
347 804 512 854 tribulationis
542 805 669 855 intellectu
680 804 801 852 illustrare
811 804 927 867 digneris,

84 877 174 918 nostrae
184 887 191 930 ;
208 869 313 918 inomni
324 875 435 932 tempore
443 884 511 933 pros·
580 870 613 918 Tc
622 884 736 932 rogamus
745 868 809 917 audi
817 884 868 928 nos,
881 869 947 918 Dm.

85 933 195 998 pentatis
206 940 315 993 nostrae;
330 933 356 981 in
370 934 432 982 hora
446 949 511 982 mor·
575 933 612 982 Ut
623 932 783 996 Magistratus
791 932 937 982 benedicere
946 940 970 981 et

85 999 123 1059 tis,
138 1005 163 1046 et
173 998 200 1047 in
211 997 252 1046 die
260 997 355 1061 judicii,
542 996 665 1047 custodire
679 1003 704 1046 et
716 997 796 1060 gratia
810 997 903 1045 donare
916 997 970 1060 dig-

116 1062 204 1111 Libera
215 1077 265 1121 nos,
279 1062 391 1110 Domine.
541 1062 613 1120 neris,
623 1076 673 1125 qua
681 1068 844 1124 exsequantur
849 1061 971 1124 justitiam

117 1127 262 1175 Peccatores
277 1133 302 1174 te
318 1141 440 1190 rogamus,
454 1126 512 1174 audi
542 1133 567 1176 et
578 1125 716 1175 custodiant
727 1125 862 1183 veritatem,

84 1207 136 1250 nos,
152 1189 263 1240 Domine
279 1189 364 1239 Deus:
381 1197 406 1239 et
421 1197 448 1238 ut
464 1190 511 1240 Ec·
580 1191 736 1253 Drogamus
744 1188 807 1238 audi
816 1205 866 1248 nos,
880 1190 947 1238 Due.

85 1255 185 1304 alesiam
203 1261 272 1303 tuam
290 1260 401 1302 sanctam
419 1254 511 1303 Catho-
575 1254 612 1304 Ut
634 1269 734 1302 omnem
752 1252 874 1317 populum
899 1260 969 1302 tuum

84 1319 158 1368 licam
179 1318 205 1367 in
227 1318 268 1367 via
292 1326 360 1367 recta
382 1333 466 1382 regere
488 1326 512 1368 et
541 1317 687 1367 benedicere
708 1323 733 1366 et
752 1332 897 1366 conservare
916 1317 969 1381 dig·

84 1385 221 1447 gubernare
231 1382 347 1446 digneris,
541 1384 613 1443 neris,

121 1448 154 1497 Te
162 1463 277 1511 rogamur
286 1447 349 1495 audi
360 1463 410 1507 nos,
423 1448 487 1496 Dne.
578 1448 611 1496 Te
619 1462 734 1510 rogamus
742 1446 805 1494 audi
814 1462 864 1505 nos,
878 1447 943 1495 Dne.

118 1512 154 1561 Ut
162 1511 508 1570 famulamtuamVictoriam,
573 1511 610 1561 Ut
632 1511 747 1560 omnibus
773 1510 888 1574 gentibus
915 1511 969 1559 uni·

85 1576 207 1640 Reginam
216 1582 239 1625 et
251 1575 446 1638 gubernatricem
454 1591 510 1624 nos·
540 1582 623 1634 tatem,
646 1590 741 1639 pacem,
763 1583 788 1624 et
810 1574 969 1623 concordiam

84 1647 147 1689 tram
164 1639 387 1698 clementissimam,
410 1639 436 1688 in
452 1656 511 1689 vero
540 1640 623 1703 largiri
633 1639 748 1702 digneris,

84 1705 119 1752 tui
137 1704 211 1763 cultu,
230 1704 256 1752 in
270 1703 365 1768 justitia
382 1710 406 1752 et
422 1704 510 1753 sancti·
577 1704 804 1767 Terogamusaudi
813 1719 864 1762 nos,
877 1704 943 1752 Dne.

84 1775 134 1818 tate
152 1769 216 1827 vitae,
237 1768 359 1817 custodire
374 1775 403 1816 et
423 1768 509 1817 confir·
573 1768 610 1817 Ut
628 1783 670 1817 cor
686 1767 758 1816 nobis
774 1767 833 1816 dare
849 1766 966 1830 digneris,

84 1849 151 1881 mare
162 1833 277 1896 digneris,
540 1847 590 1895 quo
601 1839 626 1881 te
636 1848 747 1881 amemus
758 1839 782 1880 et
794 1832 932 1890 timeamus,
944 1838 970 1881 et

121 1897 277 1960 stragamus
287 1896 350 1945 audi
359 1912 408 1956 nos,
422 1897 486 1946 Bne.
540 1896 675 1945 secundum
697 1894 815 1944 mandata
842 1905 886 1944 tua
912 1897 968 1946 dili-

116 1961 153 2009 Ut
170 1977 212 2010 cor
230 1961 281 2024 ejus
298 1960 324 2008 in
340 1959 397 2019 fide,
412 1961 506 2019 timore,
539 1968 626 2024 genter
636 1961 754 2018 vivamus,

83 2032 107 2074 et
125 2041 208 2074 amore
227 2031 270 2074 tuo
290 2041 373 2089 regere
391 2025 506 2088 digneris,
578 2026 734 2088 Terogamus
743 2024 806 2072 audi
815 2040 865 2084 nos,
880 2025 945 2074 Dne.

83 2097 110 2137 ut
122 2105 219 2153 semper
235 2089 262 2138 in
277 2095 302 2137 te
313 2087 429 2148 confidat,
443 2095 468 2138 et
483 2089 510 2137 in
574 2088 610 2138 Ut
628 2088 696 2138 omni
706 2088 809 2152 ‘populo
826 2096 870 2136 tuo
889 2089 968 2138 incre-

82 2153 197 2202 omnibus
219 2152 339 2202 honorem
361 2159 386 2202 et
404 2152 509 2217 gloriam
539 2153 841 2216 mentumgratiaedonare
849 2152 966 2216 digneris,

82 2224 150 2266 tuam
162 2224 263 2281 quaerat,
540 2232 590 2280 quo
614 2217 717 2266 verbum
744 2224 814 2265 tuum
841 2216 969 2267 humiliter

119 2283 276 2345 Drogamus
285 2281 348 2329 audi
357 2297 407 2341 nos,
420 2282 485 2330 Due.
540 2281 624 2330 audiat
646 2289 671 2331 et
691 2297 753 2345 puro
776 2281 852 2329 animi
878 2282 968 2330 affectu

114 2346 151 2394 Ut
174 2361 229 2394 eam
252 2360 395 2394 conservare
417 2353 441 2394 et
466 2346 509 2395 de·
539 2346 709 2409 amplectatur,
720 2353 745 2394 et
756 2345 848 2394 fructus
860 2345 968 2409 Spiritus

81 2409 188 2470 sendere,
201 2409 272 2473 eique
283 2409 411 2458 victoriam
423 2418 509 2458 contra
540 2409 654 2474 proferat,

81 2489 166 2522 omnes
188 2474 272 2523 hostes
295 2473 347 2537 ejus
374 2475 508 2524 concedere
577 2474 862 2538 Terogamuraudinos,
876 2475 941 2524 Dne.

81 2538 196 2601 digneris,
574 2538 610 2588 Ut
630 2546 738 2587 errantes
757 2545 782 2587 et
802 2538 918 2587 seductos
939 2539 966 2587 in

117 2604 348 2666 Terogamusaudi
357 2619 406 2662 nos,
420 2604 484 2653 Dne.
539 2603 605 2651 viam
632 2603 742 2652 veritatis
769 2603 885 2652 reducere
912 2603 966 2666 dig·

113 2667 150 2716 Ut
193 2667 326 2716 Albertum
365 2667 507 2716 Edvardum
539 2667 611 2726 neris,

81 2730 221 2794 Principem
244 2731 350 2791 Walliae,
376 2732 507 2796 Principis·
576 2732 732 2795 Drogamus
741 2732 803 2780 audi
812 2748 863 2791 nos,
877 2733 942 2781 Dae.

79 2810 132 2843 sam
142 2795 248 2854 Walliae,
261 2803 285 2845 et
295 2795 433 2845 universam
441 2797 507 2846 Gen·
571 2796 609 2845 Ut
619 2803 711 2844 stantes
724 2795 876 2855 confirmare,
890 2796 966 2845 corde

80 2867 130 2907 tem
139 2860 244 2923 Regiam
256 2860 401 2910 benedicere
413 2868 437 2910 et
449 2876 506 2910 con·
537 2860 631 2910 debiles
640 2860 778 2910 confortare
786 2868 810 2909 et
818 2868 962 2919 sustentare,

79 2938 175 2972 servare
186 2924 301 2987 digneris,
536 2925 619 2988 lapsos
646 2924 745 2988 erigere,
776 2932 800 2973 et
828 2924 965 2973 Sathanam

117 2989 149 3035 Te
159 3004 274 3051 rogamus
283 2990 345 3037 audi
355 3006 404 3049 nos,
418 2991 483 3039 Dne.
537 2990 638 3038 tandem
664 2989 711 3037 sub
742 2989 847 3052 pedibus
874 2989 964 3038 nostris

113 3050 149 3101 Ut
167 3067 252 3102 omnes
270 3053 416 3118 Episcopos,
437 3055 505 3103 Pres-
537 3060 663 3103 conterere
673 3053 788 3116 digneris,

140 3127 175 3162 22
