2092 3450
170 150 206 207 tu
221 152 270 207 ieie
287 151 322 209 s.
339 147 476 218 {datalia
491 151 514 202 at
530 149 643 205 emnium
658 147 820 216 tracturum.

70 304 137 354 coelo
177 320 276 368 semper
305 305 432 366 assistitur,
466 315 498 354 ab
532 306 601 368 Quis,
616 311 695 369 putas,
705 305 786 369 major
796 312 833 355 est
844 307 871 355 in
881 322 957 370 regno

17 368 20 375 '
69 368 110 417 his
130 369 233 418 interra
248 370 299 418 vita
310 377 394 418 nostra
404 371 499 418 munia·
530 371 669 420 coelorum?
704 371 738 419 Et
748 371 871 419 advocans
886 370 958 433 Jesus

69 440 118 482 tur.
176 434 225 482 Per
255 434 340 497 Jesum
372 434 499 483 Christum
530 435 667 499 parvulum,
679 435 763 483 statuit
772 450 828 483 eum
840 436 865 482 in
874 435 957 484 medio

69 497 210 546 Dominum
221 505 338 547 nostrum.
374 501 462 547 Amen.
531 514 623 558 eorum,
649 506 673 547 et
695 499 772 549 dixit:
796 501 879 549 Amen
900 501 957 549 dico

145 592 424 663 aucturetatem·
530 563 670 676 {iiiiii}
686 565 957 692 {iiiissssaiiiiifsstii

196 682 276 746 Apoc.
289 683 330 732 xii.
344 693 365 745 7.
531 692 653 740 intrabitis
671 692 697 740 in
713 708 815 756 regnum
827 694 952 742 coelorum.

135 758 498 824 ACTUMestpraeliummag-
531 756 686 820 Quicumque
713 772 771 820 ergo
792 758 957 807 humiliaverit

151 824 500 884 numincoe102Michaffl,et
530 835 556 869 se
575 821 637 869 sicut
656 821 771 884 parvulus
787 822 840 881 iste,
860 823 901 871 hic
920 831 957 872 est

67 886 153 950 angeli
173 887 232 951 ejus,
251 889 426 952 praeliabantur
442 904 498 939 cum
529 885 610 947 major
626 885 652 933 in
668 901 744 948 regno
760 887 885 936 coelorum.
922 887 956 936 Et

68 950 185 1026 dracone,
200 959 224 1001 et
235 953 309 1001 draco
321 955 454 1018 pugnabat,
474 962 499 1003 et
530 950 573 1012 qui
583 951 715 1024 susceperit
733 966 809 999 unum
825 951 955 1015 parvulum

68 1015 153 1078 angeli
165 1015 232 1079 ejus:
249 1026 273 1065 et
291 1032 342 1066 non
359 1018 495 1077 valuerunt,
530 1013 605 1062 talem
621 1028 647 1060 m
658 1014 759 1063 nomine
769 1030 833 1074 meo,
847 1030 888 1064 me
904 1031 955 1065 sus·

67 1094 151 1143 neque
161 1079 230 1129 locus
241 1081 353 1130 inventus
365 1090 402 1131 est
412 1098 498 1132 eorum
528 1078 595 1141 cipit.
632 1077 682 1140 Qui
704 1085 787 1127 autem
808 1079 955 1129 scandaliza·

67 1143 177 1209 amplius
187 1145 213 1192 in
224 1145 295 1194 coelo.
331 1146 365 1195 Et
376 1146 499 1210 projectus
528 1143 590 1191 verit
601 1157 678 1191 unum
689 1142 721 1191 de
732 1143 828 1207 pusillis
844 1144 896 1193 istis
913 1147 954 1209 qui

68 1215 107 1257 est
123 1209 198 1258 draco
214 1209 257 1258 ille
273 1225 384 1272 magnus,
398 1227 498 1274 serpens
528 1206 555 1254 in
573 1222 614 1255 me
631 1207 741 1266 credunt,
763 1208 862 1272 expedit
884 1209 907 1257 ei
927 1218 955 1259 ut

68 1272 193 1336 antiquus,
208 1274 250 1337 qui
260 1281 363 1323 vocatur
372 1275 494 1334 diabolus,
527 1286 567 1319 sus
587 1271 689 1320 endatur
710 1272 778 1320 mola
797 1273 903 1321 asinaria
929 1275 955 1322 in

68 1344 95 1385 et
123 1337 236 1395 Satanas,
261 1339 304 1402 qui
325 1339 420 1388 seducit
442 1340 496 1388 uni·
527 1287 592 1383 colii>
619 1335 678 1398 ejus,
703 1343 728 1384 et
752 1338 908 1400 demergatur
928 1339 955 1386 in

68 1416 168 1449 versum
192 1402 293 1451 orbem:
321 1410 346 1452 et
373 1402 496 1467 projectus
529 1399 770 1462 profundummaris
808 1400 954 1451 Vaemundo

69 1472 108 1514 est
129 1465 155 1512 in
177 1472 275 1526 terram,
298 1473 323 1516 et
344 1468 424 1530 angeli
444 1467 496 1531 ejus
527 1464 681 1514 ascandalis.
717 1464 826 1514 Necesse
841 1473 877 1515 est
888 1467 952 1516 enim

69 1529 181 1579 cumillo
192 1530 261 1579 missi
272 1539 335 1580 sunt.
372 1532 405 1581 Et
414 1532 497 1581 audivi
527 1535 555 1576 ut
576 1529 676 1577 veniant
698 1530 831 1579 scandala:
858 1546 953 1579 verum·

67 1608 156 1642 vocem
167 1608 284 1658 magnam
297 1595 323 1644 in
340 1596 404 1645 coelo
415 1597 497 1646 dicen·
528 1599 611 1640 tamen
621 1609 659 1642 vae
669 1593 765 1642 homini
774 1593 818 1654 illi,
830 1609 954 1658 perquem

68 1664 136 1706 tem:
151 1657 227 1707 Nunc
243 1658 309 1708 facta
324 1667 361 1708 est
379 1660 452 1720 salus,
472 1667 497 1710 et
528 1657 671 1705 scandalum
698 1659 772 1707 venit.
821 1658 850 1708 Si
871 1667 953 1708 autern

66 1722 154 1782 virtus,
174 1730 200 1771 et
217 1738 321 1786 regnum
341 1725 390 1772 Dei
408 1725 494 1784 nostri,
527 1730 675 1781 manustra,
689 1722 729 1771 vel
747 1738 792 1786 pes
810 1730 866 1772 tuus
885 1739 953 1772 scan-

67 1792 94 1835 et
110 1794 221 1861 potestas
239 1787 331 1836 Christi
348 1789 416 1852 ejus:
438 1790 497 1854 quia
527 1785 616 1834 dalizat
627 1793 660 1845 te,
673 1786 772 1835 abscide
784 1803 847 1846 eum,
862 1793 887 1836 et
897 1803 954 1852 pro·

66 1857 193 1915 projectus
205 1857 242 1900 est
258 1860 384 1901 aecusator
394 1853 496 1902 fratrum
524 1848 573 1912 jice
584 1850 628 1898 abs
639 1857 679 1899 te:
695 1851 788 1899 bonum
807 1851 852 1900 tibi
869 1859 905 1901 est
922 1853 953 1902 ad

67 1921 216 1975 nostrorum,
235 1916 278 1979 qui
294 1917 423 1966 accusabat
440 1917 497 1966 illos
526 1913 603 1962 vitam
614 1914 710 1978 ingredi
719 1915 834 1975 debilem,
842 1916 881 1964 vel
888 1916 953 1965 clau·

67 1985 127 2028 ante
137 1987 296 2044 conspectum
308 1981 357 2029 Dei
368 1981 445 2030 nostri
455 1981 496 2030 die
526 1978 593 2037 dum,
618 1994 675 2027 uam
684 1979 745 2028 duas
752 1995 839 2029 manus
848 1981 953 2030 velduos

66 2049 189 2092 aenocte
226 2044 259 2093 Et
267 2044 430 2108 ipsiviceruut
439 2062 495 2095 eum
526 2042 602 2106 pedes
631 2043 744 2092 abentem
757 2044 821 2092 mitti
833 2045 859 2093 in
870 2046 953 2109 ignem

66 2113 171 2172 propter
193 2109 337 2172 sanguinem
364 2110 440 2173 Agrii,
471 2118 495 2160 et
525 2114 651 2156 aeternum.
695 2108 729 2157 Et
751 2108 772 2156 si
794 2109 879 2158 oculus
897 2117 953 2159 tuus

66 2179 171 2236 propter
180 2173 283 2221 verbum
297 2174 430 2223 testimonii
446 2175 492 2234 sui,
525 2171 674 2220 scandalizat
695 2179 727 2231 te,
755 2188 813 2222 erue
839 2189 903 2234 eum,
928 2182 953 2223 et

65 2242 92 2286 et
107 2250 160 2285 non
174 2235 312 2287 dilexerunt
329 2238 423 2287 animas
439 2254 495 2288 suas
525 2235 618 2298 projiee
628 2236 672 2284 abs
689 2243 728 2285 te:
744 2236 838 2286 bonum
855 2238 900 2287 tibi
917 2246 953 2288 est

65 2300 196 2364 usquead
212 2309 324 2351 mortem.
361 2303 495 2366 Propterea
524 2314 581 2348 cum
602 2315 653 2349 uno
674 2300 746 2350 oculo
767 2301 794 2350 in
815 2303 892 2350 vitam
916 2303 952 2352 in-

65 2364 187 2413 laetamini
203 2364 267 2426 coeli,
281 2373 306 2414 et
322 2365 365 2430 qui
378 2365 495 2416 habitatis
526 2371 596 2423 trare,
611 2379 685 2428 quam
697 2365 758 2414 duos
770 2366 952 2415 oculoshaben·

65 2428 94 2477 in
115 2429 159 2477 eis.
204 2428 251 2478 Vae
273 2437 350 2489 terrae,
376 2437 400 2480 et
422 2432 491 2491 mari,
525 2435 576 2476 tem
594 2429 661 2478 mitti
678 2429 704 2478 in
722 2430 861 2493 gehennam
878 2431 948 2494 ignis.

66 2491 265 2557 quiadescendit
273 2494 388 2544 diabolus
396 2495 428 2543 ad
439 2511 492 2556 vos,
526 2492 617 2541 Videte
633 2508 666 2542 ne
691 2495 854 2543 contemnatis
875 2511 952 2543 unum

64 2556 162 2605 habens
183 2556 246 2606 iram
268 2573 391 2622 magnam,
416 2560 495 2610 sciens
526 2556 949 2621 exhispusillis:dicoenimvobis,

66 2621 136 2685 quod
147 2621 274 2670 modicum
284 2629 382 2687 ternpus
392 2623 475 2674 habet.
526 2622 584 2685 quia
594 2621 676 2684 angeli
686 2638 771 2671 eorum
780 2623 805 2670 in
814 2621 952 2671 coelissern·

526 2701 572 2750 per
587 2686 673 2736 vident
689 2686 776 2735 faciem
797 2686 876 2735 Patris
892 2687 949 2746 mei,

527 2749 603 2814 quiin
615 2751 684 2799 coelis
695 2758 739 2801 est

183 2708 355 2776 sshanurttum.

167 2796 193 2847 S.
204 2798 277 2847 Matt
288 2799 354 2849 xviii
369 2813 389 2850 1.

67 2866 93 2989 Ι
104 2871 132 2921 Ν
149 2872 193 2921 illa
204 2874 267 2923 hora
283 2883 435 2926 accesserunt
445 2878 495 2927 dis·

137 2937 214 3002 cipuli
224 2938 256 2987 ad
263 2939 357 3004 Jesum,
371 2941 494 2992 dicentes:

135 3138 181 3193 1³5
