2092 3450
306 155 386 214 Ritus
403 156 547 215 litlebmtti
563 157 770 220 matrimonium.

86 306 335 384 quoniamyircaput
345 314 383 357 est
392 306 510 366 mulieris,
545 305 710 382 versationem
730 305 785 356 sine
804 306 882 382 verbo
896 304 977 382 lucri·

86 378 149 422 sicut
161 371 273 422 Christus
284 378 358 436 caput
374 377 411 421 est
427 370 513 420 Eccle-
546 369 615 430 fiant,
635 370 818 421 consrderantee
838 385 866 419 ιιι
884 376 977 420 tunore

85 436 204 501 siaeripse
212 433 443 500 Salvatorcorporis
451 435 510 499 ejus.
546 434 972 485 castamconversationemvestram.

87 500 146 560 Sed,
160 501 223 551 sicut
234 499 346 550 Ecclesia
355 498 467 562 subjecta
477 506 514 548 eet
547 499 659 562 Quarum
684 514 736 549 non
762 498 795 549 sit
824 499 976 548 extrinsecus

87 564 204 626 Christo;
222 565 259 613 ita
276 570 302 613 et
321 563 437 613 mulieres
454 562 513 612 viris
546 563 698 628 capillatura,
734 570 778 613 aut
810 563 976 614 circumdatio

85 629 136 678 suis
157 629 185 678 in
206 628 328 678 omnibus.
368 627 403 676 Et
423 627 513 676 iterum
545 627 607 687 auri,
625 634 668 678 aut
684 627 823 677 indumenti
840 627 975 677 vestimen-

85 693 157 742 dicit:
175 691 513 744 Uxorautemtimeatvirum
545 699 628 742 torum
638 691 734 741 cultus:
749 691 794 740 sed
809 691 853 756 qui
869 691 975 741 abscon·
1028 720 1032 726 ·

86 773 165 807 suum.
545 756 611 805 ditus
622 763 660 805 est
669 755 751 806 cordis
766 755 844 805 homo
853 755 881 804 in
893 755 975 805 incor-

119 822 153 870 Et
168 821 195 870 in
211 820 234 869 E
251 819 325 869 istola
338 820 372 869 ad
383 819 512 869 Colossen·
545 819 707 897 ruptibilitate
728 818 806 885 quieti
824 825 850 869 et
866 820 975 869 modesti

85 901 132 944 ses,
145 835 276 934 hisveriis
292 883 400 933 breviter
410 899 454 933 vos
469 884 512 932 ud·
575 884 652 945 rritus,
691 883 717 933 ui
738 889 776 933 est
793 883 821 932 in
839 893 974 949 conspectu

86 955 171 998 monet
182 947 287 999 Sanctus
300 948 392 1001 Paulus
398 965 406 1008 ;
423 948 512 997 Mulie·
572 948 596 997 ei
616 948 733 1014 locupes
777 948 820 998 Sic
840 947 908 997 enim
929 949 975 997 ali·

85 1029 131 1073 res,
150 1012 256 1062 subditae
273 1019 352 1062 estote
366 1011 433 1072 viris,
450 1013 513 1061 sicut
546 1012 646 1078 quando
657 1019 682 1063 et
688 1018 779 1062 sanctae
786 1012 910 1072 mulieres,
918 1027 974 1077 spe-

85 1084 191 1142 oportet,
204 1076 232 1126 in
243 1077 361 1126 Domino.
545 1077 660 1126 rantesin
671 1076 735 1137 Deo,
745 1076 974 1137 omabantse,sub

118 1141 226 1191 Necnon
243 1141 348 1191 Sanctus
365 1140 453 1190 Petrus
468 1156 513 1204 op·
544 1141 617 1205 jectae
626 1140 733 1206 propriis
742 1140 817 1202 viris;
832 1140 896 1190 sicut
911 1140 975 1190 Sara

86 1205 147 1255 time
163 1221 207 1254 vos
222 1205 335 1266 instituit,
353 1204 452 1254 dicens:
474 1204 513 1254 Si·
546 1205 679 1255 obediebat
700 1204 818 1265 Abrahae,
842 1204 975 1255 dominum

86 1269 178 1318 militer
187 1276 213 1319 et
222 1269 337 1319 mulieres
347 1269 454 1319 subditae
464 1268 514 1319 sint
545 1284 603 1319 eum
618 1284 725 1319 vocans:
743 1267 813 1334 cujus
829 1269 888 1319 estis
904 1267 971 1330 filiae,

85 1334 145 1383 viris
160 1333 226 1394 suis;
241 1340 270 1383 ut
280 1341 306 1383 et
315 1333 380 1398 siqui
395 1348 447 1383 non
462 1347 512 1382 cre·
545 1332 733 1392 benefacientes,
743 1340 828 1382 etnon
838 1333 974 1398 pertimen-

86 1398 148 1447 dunt
159 1397 243 1459 verbo,
256 1412 302 1462 per
311 1397 441 1447 mulierum
455 1412 513 1447 con·
545 1404 582 1447 tes
592 1397 669 1447 ullam
679 1397 896 1464 perturbationem.

86 1503 211 1553 Convenit
226 1517 346 1567 sponsum
362 1508 387 1551 et
404 1515 521 1565 sponsam
539 1501 593 1564 ipso
610 1509 723 1564 tempore
739 1501 904 1563 Matrimonii,
923 1512 967 1551 aut

118 1584 194 1632 quam
213 1568 321 1632 primum
340 1573 398 1642 post
417 1566 607 1614 Matrimonium
627 1566 778 1616 celebratum
801 1565 853 1615 fieri
876 1568 964 1630 possit,

118 1634 221 1685 Sacram
234 1634 441 1683 Commumonem
453 1632 586 1696 percipere.
