2092 3450
187 179 378 228 JJiesXXVll.
577 165 686 232 tasalmi.

183 308 608 444 ubfffpdfferssdissialjffiti}
642 331 840 383 DOESXXVH·
864 327 955 388 m*

217 446 269 493 Pax
275 443 354 493 multa
361 440 520 504 diligentibus
527 438 609 501 legem
736 446 866 494 PSALMUS
884 441 955 493 CXX

184 516 253 558 tuam
268 515 310 558 :et
326 513 425 555 nonest
440 505 489 553 illis
505 502 607 552 scanda·
699 534 725 583 D
747 532 888 582 Dominum
911 545 955 580 cun

184 575 398 700 lnuliiuspectabam
413 633 518 682 salutare
528 638 606 688 tuum,
733 598 800 646 lam
810 595 920 646 dmm
935 613 941 644 ²
952 615 955 639 ⁴

187 701 296 750 Domine
316 717 323 748 ε
340 706 364 748 et
380 698 498 746 mandata
514 704 557 745 tua
573 695 610 742 di·
641 663 768 776 diinJtoffi
803 724 841 773 sb
930 724 935 735 .

184 766 240 815 kmi¹
769 741 790 785 e,
814 741 822 773 1
843 739 955 773 eraamn

218 828 357 904 Custodivit
373 827 456 902 anima
468 841 528 900 mea
543 823 610 873 testi·
641 791 792 906 ffissgabiis
800 790 893 854 iniqnis
906 795 946 837 ’et

185 900 323 943 momatua
337 911 343 942 ι
358 899 384 941 et
399 891 486 939 dulciut
495 905 525 938 ea
535 888 609 937 vehe-
675 892 742 984 Quid
766 918 839 968 detur
861 917 916 976 tibi,
938 932 955 965 ω

186 966 287 1008 menter.

219 1021 321 1072 Servavi
333 1020 452 1069 mandata
465 1024 508 1067 tua
523 1023 548 1066 et
563 1024 609 1065 tes-

187 1087 291 1136 timonia
306 1094 369 1135 tua=
386 1084 446 1149 quia
461 1098 547 1132 omnes
563 1082 610 1130 viae

187 1167 249 1201 meae
259 1152 286 1200 in
297 1157 429 1215 conspectu
441 1155 490 1196 tuo.

641 991 781 1099 Ξρῗοιιαῑιιέ
802 983 849 1032 tibi
874 1001 881 1031 ε
904 981 936 1029 ad

660 1064 754 1099 oosam

676 1113 778 1176 Sagittae
789 1111 898 1176 potentis
910 1125 955 1158 acu

643 1177 790 1227 carbonibus
801 1174 955 1224 desolatoriis

677 1243 735 1291 Heu
761 1240 831 1299 mihi,
863 1239 923 1303 quia
948 1239 955 1286 i

252 1337 509 1399 PPROPINQUET
525 1335 611 1398 depre-
642 1305 942 1380 ¹¹¹⁶¹¹⁵P¹t¹⁰¹²gtt¹¹⁸⁰⁵t³

283 1403 349 1452 catio
365 1417 421 1450 mea
437 1401 463 1449 in
479 1406 612 1464 conspectu
643 1387 699 1420 cum
708 1369 881 1445 habstantibus
891 1367 955 1443 ‚ew

187 1476 239 1529 tuo,
254 1467 363 1516 Domine
379 1483 386 1515 z
399 1465 471 1528 iuxta
486 1464 612 1528 eloquium
643 1443 697 1549 tu}
707 1434 788 1546 mc‘ff?
798 1434 844 1507 sm?
856 1446 955 1544 mamm

188 1542 258 1583 tuum
269 1532 302 1580 da
312 1531 373 1579 mihi
384 1530 543 1578 intellectum
699 1515 742 1546 um
770 1513 877 1609 {⁵5qu
896 1511 955 1568 enm.

221 1598 300 1645 Intret
311 1595 445 1658 postulatio
454 1609 510 1642 mea
520 1593 546 1640 in
555 1607 612 1640 con·
643 1578 780 1675 fflimffiam
799 1577 840 1610 ⁰¹¹⁵
856 1597 863 1610 ·
880 1575 937 1609 cum
952 1599 955 1607 ⁴

189 1668 274 1725 spectu
281 1668 323 1708 tuo
334 1659 481 1707 :secundum
489 1657 613 1720 eloquium
644 1630 661 1676 ¹¹
673 1644 700 1686 ις’
714 1627 895 1690 mpugnabant
906 1640 947 1672 me

189 1736 258 1775 tuum
269 1725 336 1787 cripe
347 1739 394 1771 me.

222 1789 374 1838 Eructabunt
391 1787 457 1835 labia
472 1802 528 1833 mea
544 1786 613 1846 hym·
737 1813 866 1860 PSALMUS
881 1810 954 1858 CXX

190 1871 271 1902 num:
287 1869 344 1901 cum
360 1851 472 1900 docueris
488 1866 529 1898 me
543 1850 613 1912 justi·

191 1919 390 1967 ficationestuas
696 1918 808 1967 EVAVI
831 1917 918 1965 oculos
947 1931 955 1962 1

222 1977 613 2042 Pronuntiabitlinguameaelo-
744 1989 842 2031 montes
869 1999 875 2030 ς
904 1980 953 2028 und

190 2048 274 2111 quium
286 2054 353 2095 tuum
368 2064 373 2094 :
385 2046 443 2109 quia
452 2043 535 2092 omnia
545 2057 614 2089 man·
645 2048 762 2098 auxilium
772 2047 841 2094 mihi.

191 2114 249 2160 data
261 2119 302 2160 tua
313 2111 421 2173 aequitas.
678 2112 805 2160 Auxilium
818 2125 903 2157 meum
915 2109 955 2156 aI

224 2176 279 2224 Fiat
290 2190 378 2222 manus
385 2182 428 2221 tua
435 2180 462 2220 ut
471 2172 548 2220 salvet
556 2186 596 2218 me
609 2188 614 2218 :
646 2179 687 2242 qui
699 2177 756 2224 fecit
768 2175 858 2222 coelum
872 2183 897 2222 et
908 2181 955 2221 terr

191 2241 309 2304 quoniam
320 2238 437 2286 mandata
448 2245 491 2284 tua
502 2236 571 2298 elegi.
679 2242 738 2290 Non
761 2240 803 2287 det
831 2239 857 2286 in
881 2253 955 2286 comn

225 2303 362 2366 Concupivi
396 2302 501 2350 salutare
535 2308 612 2357 tuum,
646 2307 736 2370 pedem
752 2311 821 2351 tuum
838 2320 844 2350 :
860 2318 942 2366 neque

193 2369 302 2417 Domine
316 2386 322 2416 z
334 2374 358 2415 et
374 2366 414 2414 lex
429 2374 471 2414 tua
487 2363 616 2412 meditatio
648 2371 689 2435 qui
701 2368 806 2417 custodit
819 2375 850 2414 te.

192 2450 248 2482 mea
259 2439 302 2481 est.
680 2435 745 2482 Ecce
763 2447 815 2479 non
832 2431 955 2478 dormitat

225 2498 299 2545 Vivet
310 2495 392 2543 anima
403 2509 458 2542 mea
470 2500 494 2541 et
506 2491 616 2540 laudabit
648 2499 753 2548 dormiet
768 2496 829 2559 :qui
841 2495 950 2543 custodit

194 2571 218 2611 te
233 2580 239 2611 :
256 2569 281 2610 ct
295 2560 388 2624 judicia
406 2566 448 2606 tua
464 2557 616 2620 adjuvabunt
681 2561 803 2611 Dominus
819 2561 929 2608 custodit
940 2567 955 2607 t<

193 2643 240 2675 me.
648 2644 693 2676 nus
713 2624 833 2690 protectio
850 2632 915 2671 tua:
933 2639 955 2671 st

227 2689 314 2740 Erravi
325 2688 387 2738 sicut
399 2687 451 2736 ovis
460 2701 515 2749 quae
527 2685 599 2749 periit
611 2702 616 2732 :
648 2708 707 2740 num
719 2692 845 2738 dexteram
857 2696 934 2736 tuam.

194 2772 276 2820 quaere
309 2769 407 2802 servum
445 2759 521 2808 tuum,
559 2749 618 2812 quia
683 2757 730 2804 Per
746 2754 812 2801 diem
829 2753 867 2800 sol
885 2769 937 2800 nou

193 2821 310 2868 mandata
321 2826 362 2866 tua
373 2832 423 2866 non
435 2831 488 2863 sum
500 2814 597 2863 oblitus.
651 2836 730 2883 neque
741 2820 800 2866 luna
811 2833 856 2881 per
868 2827 955 2864 noctes

683 2884 805 2932 Dominus
817 2882 925 2929 custodit
935 2891 955 2929 te

650 2949 716 2997 malo
732 2966 737 2996 ι
753 2947 875 2994 custodiat
887 2946 956 2993 anim

650 3012 779 3062 Dominus.

681 3076 804 3126 Dominus
816 3075 940 3123 custodiat
951 3074 955 3123 i
