2092 3450
295 169 415 238 liturgia
426 170 547 227 ErrIrsiar
559 171 728 229 anatona

58 312 177 367 moriam
189 312 363 366 celebramus
376 321 403 365 et
415 310 482 364 laci·
516 310 625 364 animas
647 319 674 365 et
695 327 813 380 corpora
833 319 938 375 nostra,

58 400 122 436 mus
131 399 216 451 quam
229 382 310 435 nobis
321 382 408 434 Filius
418 391 482 434 tuus
516 382 566 434 tibi
590 381 711 434 hostiam
736 382 938 446 rationabilem,

59 454 151 506 facere
172 452 320 521 praecepit:
344 467 482 504 memores
517 460 654 518 sanctam,
662 460 691 504 et
700 451 855 515 viventem;
875 468 938 520 sup-

60 522 185 592 ejusdem
203 532 262 575 tam
274 522 365 575 beatae
377 521 483 591 passio·
516 521 603 589 plices
616 530 644 574 te
656 531 797 588 rogantes,
807 531 837 574 ut
849 537 901 573 nos
911 527 947 574 et·

60 594 104 646 nis
117 602 146 646 et
158 593 288 660 pretiosae
301 593 407 656 mortis,
419 606 483 643 nec·
517 592 611 644 caeteri
642 607 741 644 omnes
774 592 822 662 qui
856 591 938 660 hujus

60 680 118 715 non
145 674 173 715 et
197 663 235 714 ab
258 661 353 714 inseris
381 662 483 714 Resur·
517 677 605 714 sacrae
624 660 836 714 Communionis
855 661 939 729 parti·

60 733 201 798 rectionis,
223 732 273 785 sed
297 741 325 784 et
347 731 375 783 in
396 731 484 784 coelos
517 731 594 800 cipes
614 731 698 783 futuri
720 731 776 785 sint
799 731 939 800 pretiosis·

60 803 189 870 gloriosae
202 801 397 864 Ascensionis;
419 799 484 852 Tibi
517 800 620 854 simum
657 802 763 870 Corpus
802 811 831 854 et
870 802 940 853 San·

61 872 165 940 gratias
190 889 224 925 ex
248 872 342 924 animo
369 879 484 938 agentes
517 871 631 939 guinem
640 871 703 924 Filii
712 871 754 924 tui
762 872 828 939 Jesu
837 870 939 924 Christi

61 952 175 1011 propter
199 940 413 994 innumerabilia
437 940 485 992 be·
518 942 602 1008 digne
612 941 759 1010 accipiant,
767 940 844 994 omni
856 941 940 993 bene-

61 1012 162 1065 neficia
182 1012 264 1064 nobis
285 1011 351 1064 inde
375 1009 484 1063 collata.
518 1011 641 1064 dictione
664 1011 772 1064 coelesti
796 1020 825 1064 et
851 1011 941 1077 gratia

66 1089 101 1142 Et
129 1082 268 1150 supplices
292 1090 321 1133 te
345 1095 485 1148 rogamus,
518 1091 567 1133 tua
596 1080 764 1149 repleantur,
793 1090 821 1134 et
853 1097 941 1133 unum

62 1152 221 1205 misericors
258 1151 349 1218 Pater,
385 1149 485 1203 exaudi
519 1151 588 1204 fiant
616 1167 718 1219 corpus
748 1167 813 1204 cum
836 1166 880 1217 eo,
909 1160 941 1202 ut

62 1239 124 1288 nos,
136 1232 173 1287 et,
182 1238 232 1290 pro
243 1231 291 1274 tua
445 1276 449 1287 ,
478 1225 480 1228 ⁴
519 1220 579 1290 ipse
598 1221 627 1273 in
644 1221 685 1274 eis
703 1221 821 1287 habitet,
833 1230 861 1274 et
874 1219 899 1272 ei
911 1220 941 1272 in

62 1292 188 1345 bonitate
203 1293 291 1343 omni·
313 1275 491 1318 Invocauo.
518 1291 588 1359 ipso.
633 1297 666 1350 Et
683 1291 811 1360 quamvis
829 1298 942 1359 propter

63 1370 185 1431 potente,
195 1361 256 1414 haec
268 1370 318 1413 tua
329 1377 446 1414 munera
459 1369 487 1413 et
518 1359 682 1429 multiplicia
706 1370 822 1429 peccata
846 1369 942 1413 nostra

64 1443 204 1485 creaturas
212 1431 294 1499 panis
302 1431 390 1484 etvini
401 1431 486 1483 Sanc·
519 1447 575 1483 non
594 1430 672 1496 digni
690 1431 777 1483 simus
790 1429 838 1499 qui
854 1430 942 1481 ullum

64 1512 93 1555 to
117 1511 165 1555 tuo
190 1501 294 1570 Spiritu
320 1499 487 1554 benedicere
519 1500 687 1553 sacrificium
710 1500 760 1553 tibi
783 1500 942 1565 offeramus,

63 1581 92 1625 et
111 1571 284 1624 sanctificare
297 1569 436 1638 digneris;
456 1579 487 1622 ut
518 1570 592 1622 hanc
611 1579 705 1622 tamen
721 1569 846 1622 debitam
865 1569 942 1622 obla·

64 1659 116 1694 nos
134 1658 168 1694 ea
186 1641 369 1708 percipientes
388 1656 487 1692 secun·
519 1640 625 1693 tionem
659 1640 797 1693 servitutis
829 1649 942 1704 nostrae,

65 1713 132 1764 dum
146 1721 273 1763 sanctam
287 1711 349 1762 Filii
362 1710 403 1762 tui
420 1711 487 1778 Jesu
519 1726 576 1762 non
595 1709 749 1762 aestimator
770 1710 871 1775 meriti,
892 1708 943 1762 sed

66 1782 169 1835 Christi
208 1779 361 1834 Salvatoris
400 1778 488 1832 nostri
519 1779 619 1846 veniae,
638 1796 806 1849 quaesumus,
826 1779 943 1846 largitor

65 1851 276 1917 institutionem,
295 1850 324 1901 in
344 1849 441 1902 mortis
459 1858 489 1902 et
520 1850 658 1919 accipias;
676 1866 727 1919 per
737 1851 835 1918 Jesum
849 1849 941 1903 Chris·

65 1921 204 1990 passionis
233 1919 293 1988 ejus
323 1919 488 1972 memoriam
520 1929 580 1973 tum
614 1919 768 1973 Dominum
800 1930 942 1983 nostrum;

65 1990 215 2060 participes
228 1991 315 2042 simus
333 1989 488 2042 beatissimi
524 1995 574 2048 Per
595 2006 678 2059 quem
698 1999 725 2043 et
743 2007 808 2043 cum
826 2006 881 2059 quo
900 1999 943 2042 est

69 2060 199 2129 Corporis
212 2071 239 2113 et
259 2059 408 2126 Sanguinis
420 2058 487 2128 ejus.
519 2060 571 2113 tibi
581 2061 645 2113 Deo
656 2059 732 2112 Patri
741 2059 942 2129 Omnipotenti,

68 2131 205 2187 latentius
239 2129 324 2181 etiam
357 2145 488 2196 rogamus
520 2130 549 2182 in
570 2131 676 2182 unitate
697 2129 815 2199 Spiritus
838 2129 942 2194 Sancti,

66 2211 213 2270 paternam
234 2209 312 2252 tuam
333 2199 489 2251 bonitatem
521 2200 612 2252 omnis
630 2199 766 2252 honoret
784 2199 873 2266 gloria
893 2215 943 2266 per

66 2282 98 2324 ut
120 2271 174 2323 hoc
198 2279 325 2322 nostrum
349 2268 440 2321 laudis
461 2279 489 2322 et
521 2269 616 2322 omnia
640 2269 744 2323 saecula
769 2268 941 2323 saeculorum.

66 2341 218 2408 gratiarum
245 2337 412 2391 sacrificium
442 2338 489 2391 be·
520 2340 622 2394 Amen.

67 2411 168 2476 nignus
178 2409 300 2477 accipias
309 2427 316 2472 ;
335 2407 489 2461 humillime

67 2481 256 2549 supplicantes
302 2487 332 2531 ut
376 2488 490 2546 propter
526 2477 582 2530 Hic
601 2486 730 2532 cantetur
750 2479 890 2548 Hymnus,
906 2482 950 2533 vel

66 2552 167 2603 merita
185 2560 213 2602 et
230 2559 349 2602 mortem
369 2547 432 2600 Filii
449 2547 489 2600 tui
559 2549 668 2617 Hymni
698 2549 817 2618 alicujus
846 2552 949 2616 Portio,

66 2623 134 2688 Jesu
145 2619 256 2684 Christi,
266 2628 294 2672 et
305 2617 449 2687 perfidem
461 2618 490 2670 in
557 2637 590 2671 ex
614 2620 736 2687 Hyrnnis
759 2621 876 2673 Selectis
898 2639 948 2690 pro

69 2690 210 2757 Sanguine
231 2689 327 2756 ipsius,
345 2697 374 2740 et
391 2703 443 2739 nos
462 2697 490 2740 et
559 2690 650 2743 Festis
663 2700 691 2744 et
704 2690 831 2759 Jejuniis,
844 2691 893 2746 &c

66 2761 197 2812 universa
207 2759 490 2826 Ecclesiatuapecca-

67 2839 160 2882 torum
178 2828 372 2882 remissionem
391 2837 417 2879 et
436 2842 490 2879 cae-
524 2830 636 2884 Deinde
681 2831 819 2885 Sacerdos
866 2834 948 2885 Com-

67 2909 127 2953 tera
152 2899 246 2950 omnia
269 2897 408 2966 passionis
429 2895 490 2964 ejus
558 2902 721 2955 munionem
752 2904 804 2955 sub
831 2913 949 2972 utraque

67 2969 204 3022 beneficia
212 2982 423 3035 consequamur·
455 2970 490 3023 Et
560 2972 948 3041 specieipseprimussumat,

66 3040 113 3093 hic
131 3038 191 3103 tibi,
206 3037 336 3102 Domine,
349 3035 490 3088 offerimus
559 3043 948 3113 eamqueposteaEpiscopis,

67 3119 96 3163 et
116 3108 279 3161 exhibemus
302 3105 491 3174 nosmetipsos
560 3113 788 3181 Presbyteris,et
805 3115 966 3172 olamans,

130 3189 177 3240 421
660 3192 663 3198 ·
