2092 3450
269 170 379 237 tissimi.
645 174 692 223 Ad
700 176 765 223 Mat.

47 320 81 368 [T
93 320 309 370 insalutaretuum
340 337 379 371 ree
393 327 421 371 ut
433 320 564 386 perderent
579 337 621 371 me
635 340 641 372 ι
657 322 767 372 testimo-

47 399 66 432 a
81 400 158 433 mea:
175 392 201 434 et
216 385 243 434 in
255 401 308 435 ver·
340 387 382 435 nia
393 392 436 435 tua
446 386 562 435 intellexi.

51 457 121 497 tuum
128 451 304 512 supersperavi.
373 451 462 500 Omnis
480 450 699 500 consummationis
714 450 767 500 ridi

47 520 61 560 tt
79 513 144 561 oculi
160 513 209 562 mei
220 515 246 561 in
258 514 308 562 elo·
340 514 415 563 finem
429 532 436 565 ι
452 514 530 565 latum
541 515 686 564 mandatum
697 521 767 565 tuum

55 578 188 638 :dicentes
200 578 307 640 Quando
340 579 421 628 nimis.

57 644 115 691 me?

47 721 70 754 us
81 721 136 754 sum
146 706 209 754 sicut
219 713 274 756 uter
282 707 308 755 in

47 770 214 820 rstificationes
253 779 307 820 tuas
409 769 567 820 UOMODO
590 770 666 820 dilexi
684 771 763 835 legem

47 835 106 884 itus.
270 876 273 883 .
440 842 516 893 tuam,
524 835 633 884 Domine
646 854 652 885 :
663 841 717 884 tota
725 835 766 885 die

47 906 61 946 .t
82 899 135 948 dies
162 899 226 948 servi
253 900 306 949 tui:
352 882 403 917 ‘⁴
441 899 571 949 meditatio
581 914 638 948 mea
648 907 692 950 est.

47 963 306 1028 sdepersequentibus
372 963 453 1027 Super
480 963 594 1012 inimicos
614 979 684 1013 meos
707 980 764 1029 pru·

47 1030 71 1077 i?
338 1028 438 1076 dentem
448 1028 573 1077 melecisti
582 1029 699 1077 mandato
706 1037 764 1078 tuo:

47 1098 81 1139 int
98 1093 161 1141 mlhl
176 1093 255 1156 iniqui
272 1093 306 1141 la·
338 1093 397 1157 quia
407 1092 433 1140 in
444 1099 564 1141 aeternum
575 1093 637 1141 mihi
648 1100 691 1142 est

48 1157 154 1205 sednon
164 1164 191 1206 ut
202 1157 244 1205 lex
254 1166 302 1206 tua.
371 1156 452 1221 Super
473 1172 559 1206 omnes
585 1157 703 1206 docentes
724 1172 765 1206 me

47 1221 133 1269 indata
147 1229 190 1270 tua
200 1222 306 1271 veritas:
338 1221 469 1270 intellexi:
486 1222 545 1285 quia
562 1221 703 1270 testimonia
721 1230 764 1271 tua

47 1286 105 1333 {cuti
123 1294 179 1334 sunt
194 1301 243 1346 me,
263 1287 306 1334 ad·
337 1285 467 1334 meditatio
477 1301 534 1334 mea
544 1293 588 1334 est.

371 1349 451 1414 Super
470 1365 540 1399 senes
559 1349 690 1399 intellexi:
707 1350 765 1414 quia

47 1422 306 1462 useonsummaverunt
337 1415 455 1462 mandata
465 1421 508 1463 tua
519 1415 628 1478 quaesivi.

47 1496 72 1526 ,ε
89 1493 135 1540 ego
153 1487 236 1527 autem
255 1495 306 1528 non
370 1478 412 1527 Ab
432 1480 500 1528 omni
516 1480 557 1527 via
572 1479 639 1527 mala
649 1479 765 1542 prohibui

47 1543 128 1591 ‚ndata
140 1550 188 1592 tua.
336 1543 412 1606 pedes
419 1559 487 1592 meos
495 1561 502 1592 ε
509 1551 536 1592 ut
545 1544 682 1593 custodiam
689 1545 765 1592 verba

47 1622 62 1654 u
112 1607 306 1656 misericordiam
337 1617 386 1656 tua

47 1687 56 1718 t
67 1687 107 1719 mc
118 1687 123 1719 :
136 1679 160 1720 et
168 1673 305 1721 custodiam
370 1672 395 1719 A
404 1670 503 1734 judiciis
508 1672 555 1720 tuis
564 1687 615 1721 non
622 1671 744 1721 declinavi
756 1691 762 1721 :

48 1735 80 1784 ris
92 1737 134 1784 tui.
338 1736 397 1800 quia
408 1744 434 1784 tu
444 1736 525 1800 legem
537 1736 641 1800 posuisti
652 1737 721 1785 mihi.

371 1799 454 1862 Quam
476 1801 559 1850 dulcia
575 1800 686 1849 faucibus
702 1801 764 1850 meis

337 1864 436 1929 eloquia
444 1872 486 1912 tua
496 1883 503 1914 e
514 1881 587 1928 super
593 1865 643 1915 mel
652 1865 689 1913 ori
696 1880 760 1914 meo.

47 1943 92 1985 um,
107 1927 234 1977 Domine:
254 1945 306 1977 ver·
370 1929 396 1977 Α
417 1930 540 1978 mandatis
562 1929 610 1978 tuis
638 1929 764 1978 intellexi:

47 1999 114 2040 tuum
136 2000 264 2055 permanet
280 1993 307 2041 in
337 1999 468 2057 propterea
490 1993 557 2043 odivi
578 2009 679 2042 omnem
697 1994 763 2042 viam

337 2057 479 2122 iniquitatis.

47 2120 147 2168 itionem
167 2129 191 2169 et
206 2138 306 2185 genera·

47 2192 84 2232 tas
106 2192 149 2232 tua
169 2201 175 2235 ε
199 2185 306 2235 fundasti
700 2243 704 2254 ¹

46 2258 161 2297 ermanet.
345 2244 412 2292 Dius
426 2244 524 2293 xxvi.
552 2243 757 2305 anonumum.

47 2329 77 2361 ne
104 2321 147 2362 tua
167 2321 306 2376 perseverat

47 2393 88 2425 am
105 2378 189 2426 omnia
199 2379 306 2428 serviunt
403 2378 554 2428 UCERNA
576 2379 682 2444 pedibus
701 2380 763 2428 meis

434 2443 537 2492 verbum
545 2451 616 2493 tuum
626 2458 631 2490 :
644 2452 668 2493 et
678 2444 763 2493 lumen

47 2505 99 2554 ,lex
115 2513 158 2554 tna
176 2507 306 2556 meditatio
337 2506 430 2556 semitis
441 2508 509 2557 meis.

46 2585 87 2618 mc
101 2570 164 2619 forte
180 2572 306 2635 periissem
368 2571 454 2634 Juravi
476 2579 501 2621 et
520 2572 594 2621 statui
613 2585 619 2618 t
641 2572 763 2621 custodire

47 2650 129 2683 emea.
335 2635 428 2699 judicia
436 2635 537 2699 justitiae
548 2644 604 2685 tuae.

47 2714 80 2746 rm
102 2715 153 2748 non
175 2700 306 2749 obliviscar
371 2701 524 2750 Humiliatus
548 2716 602 2749 sum
626 2715 763 2763 usquequa·

47 2779 63 2810 s
85 2770 139 2812 tuas
163 2781 169 2813 ι
199 2765 258 2829 quia
280 2766 306 2813 in
337 2779 392 2828 que,
413 2764 541 2813 Domine:
557 2764 655 2813 vivifica
670 2780 710 2812 me
726 2779 763 2812 se·

46 2827 77 2875 sti
88 2843 135 2876 me.
337 2829 446 2877 cundum
456 2830 557 2878 verbum
570 2836 646 2877 tuum.

47 2907 55 2939 ι
77 2907 132 2955 ego,
154 2892 249 2941 salvum
265 2909 306 2941 me
370 2893 517 2942 Voluntaria
527 2893 576 2941 oris
587 2893 637 2940 mei
647 2892 763 2955 benepla-

48 2971 89 3004 am
118 2956 306 3019 justificationes
338 2957 454 3016 citatae,
480 2956 609 3005 Domine:
626 2959 651 3005 et
670 2956 764 3019 judicia

47 3020 72 3068 ti.
337 3029 380 3070 tua
391 3020 453 3070 doce
463 3037 510 3070 me.

47 3091 176 3134 ectaverunt
193 3093 305 3150 peccato·
371 3086 464 3134 Anima
475 3100 530 3134 mea
541 3085 567 3133 in
577 3086 691 3135 manibus
703 3087 765 3134 meis
