2040 3458
185 170 319 230 hominia
335 174 456 235 t‘ittsinu
475 179 592 238 ,snum
608 188 666 252 nst
684 186 838 246 trinitatem.

197 404 330 462 Businca
347 406 467 465 sunna
479 409 593 468 samnia
602 416 660 482 nost
676 414 831 473 tinnttuttn.

233 519 333 576 brutis.
654 521 828 590 bisuntium.

127 609 296 659 AMILIAM
305 618 389 686 ,tuam
403 629 497 690 quqesu·
620 627 644 677 S.
658 628 730 678 Matt.
743 630 809 678 xviii.
821 642 860 679 21.

143 688 209 735 mus,
234 675 351 736 Domine,
381 686 498 728 continua
745 723 775 735 „

67 744 161 800 pietate
179 740 277 788 custodi
283 758 292 801 ;
318 748 347 790 ut
367 756 384 790 a
404 743 498 793 cunctis
589 721 706 798 ETRQS
726 724 839 799 d¹x¹t.²d
856 724 956 799 Je⁵¹¹¹¹i²

68 801 265 864 adversitatibus,
290 812 316 854 te
341 813 494 870 protegente,
611 787 957 864 Domine‚quot1especcab1t

67 865 99 914 sit
116 866 205 926 libem·
227 875 253 917 et
271 868 298 916 in
313 869 386 919 bonis
402 871 497 921 actibus
528 865 553 897 m
565 865 606 898 me
617 851 690 900 irater
706 868 783 913 meus,
797 860 822 902 et
832 854 957 902 dimittam

68 938 111 979 mo
131 931 230 980 nomini
251 932 284 982 sit
305 932 402 984 devota
451 937 498 985 per
529 915 571 962 ei?
587 930 664 980 usque
683 917 790 980 septies?
831 918 900 966 Dicit
918 918 955 966 ilii

66 994 152 1058 Jemm
192 996 319 1046 Christum
358 999 497 1050 Dominum
525 978 613 1042 Jesus:
639 980 701 1028 Non
723 981 780 1029 dico
807 981 853 1030 tibi
879 997 956 1058 usque

67 1067 187 1109 nostrum
223 1063 313 1113 Am·
527 1043 617 1107 septies
624 1062 633 1105 ;
655 1045 699 1093 sed
721 1060 799 1109 usque
817 1054 956 1110 septuagies

528 1108 626 1171 septies.
662 1109 724 1158 Ideo
741 1110 903 1159 assimilatum
919 1119 956 1159 est

230 1176 356 1245 fipiztula,
526 1187 629 1234 regnum
649 1174 768 1222 coelorum
784 1174 879 1223 homini
893 1175 954 1238 regi,

175 1264 349 1343 Aaou
362 1291 385 1342 2.
527 1237 583 1350 u
602 1237 694 1352 tn

17 1350 31 1441 ι’
131 1366 269 1418 RATIAS
278 1382 326 1431 ago
337 1368 394 1416 Deo
402 1383 459 1416 meo
470 1368 496 1417 in
527 1365 642 1430 coepisset
657 1367 778 1416 rationem
793 1384 893 1431 ponere,
912 1370 956 1417 ob-

164 1432 234 1480 omni
260 1432 381 1481 memoria
410 1433 492 1493 vestri,
527 1430 590 1478 latus
609 1437 646 1479 est
665 1431 688 1480 ei
707 1448 771 1480 unus
790 1433 832 1496 qui
849 1433 956 1481 debebat

66 1510 165 1560 semper
184 1495 212 1544 in
233 1497 327 1546 cunctis
343 1497 495 1546 orationibus
527 1495 549 1542 ei
560 1495 647 1544 decem
657 1496 737 1544 millia
754 1496 852 1546 talenta.
891 1497 955 1545 Cum

67 1560 127 1609 meis
145 1575 194 1625 pro
211 1561 326 1609 omnibus
341 1561 420 1619 vobis,
439 1577 495 1610 cum
526 1567 609 1607 autem
627 1575 679 1608 non
698 1561 800 1610 haberet
816 1561 882 1609 unde
900 1563 956 1609 red·

66 1624 158 1687 gaudio
172 1624 373 1689 deprecationem
391 1625 492 1685 faciens,
525 1623 602 1682 deret,
613 1623 686 1686 jussit
698 1641 754 1673 eum
772 1625 886 1674 dominus
904 1625 956 1689 ejus

66 1702 139 1754 super
164 1689 389 1738 communicatione
413 1698 495 1738 vestra
526 1688 676 1748 vaenundari,
691 1697 716 1738 et
734 1705 835 1738 uxorem
851 1690 911 1752 ejus,
931 1699 955 1738 et

67 1752 91 1801 in
110 1753 245 1816 evangelio
266 1752 358 1803 Christi
381 1755 495 1818 aprima
525 1752 597 1811 filios,
620 1759 645 1801 et
662 1753 747 1802 omnia
765 1769 820 1817 quae
837 1755 952 1813 habebat,

30 1824 35 1861 ἱ
67 1816 105 1865 die
113 1832 195 1883 usque
212 1832 293 1878 nunc;
309 1817 435 1867 confidens
446 1819 495 1867 hoc
525 1817 634 1866 etreddi.
672 1818 954 1867 Procidensautemser·

30 1924 37 1933 .
67 1881 155 1945 ipsum,
168 1881 232 1946 quia
240 1881 283 1946 qui
299 1882 494 1946 coepitinvobis
525 1896 571 1929 vus
588 1881 637 1941 ilie,
659 1883 747 1931 orabat
768 1898 833 1941 eum,
855 1883 955 1932 dicens:

67 1961 126 2021 opus
136 1946 241 2004 bonum,
254 1946 365 2010 perficiet
379 1947 495 2010 usquein
526 1945 675 1994 Patientiam
702 1947 768 1995 habe
795 1947 821 1995 in
851 1963 899 2006 me,
930 1955 955 1996 et

66 2010 130 2058 din
151 2009 246 2059 Christi
264 2010 339 2123 {esuz
366 2010 429 2059 sicut
457 2018 495 2060 est
525 2010 610 2058 omnia
627 2010 729 2059 reddam
747 2011 799 2060 tibi
837 2012 954 2060 Misertus

66 2075 125 2123 mihi
144 2074 241 2138 justum
286 2090 316 2123 oc
337 2075 427 2124 sentire
448 2091 494 2139 pro
525 2082 608 2123 autem
627 2076 743 2123 dominus
759 2075 823 2124 servi
840 2076 953 2124 iliiusdi·

10 2138 13 2169 ²
66 2138 266 2188 omnibusvobis:
279 2138 381 2203 eoquod
388 2140 493 2188 habeam
525 2139 592 2187 misit
603 2154 668 2200 eum,
687 2147 712 2188 et
729 2140 841 2188 debitum
860 2140 955 2189 dimisit

10 2206 14 2232 “·
66 2218 106 2252 vos
127 2203 156 2253 in
177 2203 260 2261 corde,
285 2210 311 2252 et
337 2202 364 2252 in
389 2203 494 2253 vinculis
525 2204 555 2251 ei.
593 2204 711 2266 Egressus
723 2213 805 2252 autem
817 2221 900 2253 servus
912 2205 954 2253 ille

10 2278 14 2286 ’
66 2268 132 2328 meis,
151 2274 178 2316 et
194 2268 221 2316 in
236 2267 386 2330 defensione,
400 2275 425 2317 et
435 2284 493 2317 con·
524 2267 618 2316 invenit
629 2284 705 2317 unum
716 2269 748 2317 de
759 2269 882 2318 conservis
893 2270 950 2328 suis,

10 2344 15 2352 ·
67 2331 204 2381 imatione
242 2332 372 2394 evangelii,
413 2333 494 2382 socios
524 2332 568 2396 qui
586 2333 693 2381 debebat
715 2333 739 2381 ei
760 2342 858 2381 centum
877 2334 952 2382 dena-

10 2417 14 2425 ·
65 2396 147 2458 gaudii
167 2396 220 2445 mei
246 2410 333 2445 omnes
358 2411 403 2445 vos
430 2412 490 2445 esse.
524 2397 588 2445 rios:
605 2404 630 2446 et
640 2405 726 2446 tenens
736 2398 871 2446 suffocabat
886 2414 950 2457 eum,

10 2461 45 2491 ⁵⁴
66 2459 144 2510 Testis
171 2461 240 2510 enim
260 2461 324 2508 mihi
350 2468 387 2509 est
415 2461 491 2521 Deus,
524 2460 623 2510 dicens:
639 2462 890 2525 Reddequoddebes.
919 2463 953 2511 Et

11 2522 19 2555 ἶ
67 2525 191 2589 quomodo
212 2524 312 2588 cupium
339 2540 424 2574 omnes
448 2541 493 2574 vos
524 2526 655 2588 procidens
665 2541 796 2576 conservus
807 2527 867 2590 ejus,
881 2542 951 2589 roga·

10 2590 21 2620 ¹
66 2588 88 2638 in
124 2589 260 2638 visceribus
296 2590 356 2653 Jssu
390 2590 489 2639 Christi.
524 2590 568 2638 bat
589 2606 654 2650 eum,
679 2591 778 2639 dicens:
803 2592 951 2639 Patientiam

10 2656 20 2684 '⁵
68 2653 97 2703 Et
114 2653 164 2704 hoc
180 2669 234 2714 oro,
247 2660 275 2703 ut
291 2653 397 2702 charitas
411 2662 493 2703 vestra
524 2654 589 2702 habe
604 2655 631 2703 in
647 2670 695 2715 me,
709 2663 734 2703 et
750 2656 834 2703 omnia
850 2655 951 2702 reddam

10 2719 24 2749 ⁵
67 2719 142 2782 magis
168 2734 199 2767 ac
227 2717 308 2781 magis
335 2717 445 2767 abundet
466 2718 492 2766 in
524 2719 577 2767 tibi.
614 2718 661 2768 IlIe
684 2728 765 2768 autem
785 2719 879 2768 noluit:
906 2720 949 2767 sed

10 2784 24 2814 ³·
67 2783 172 2843 scientia,
191 2790 217 2832 et
234 2782 261 2831 in
277 2782 346 2830 omni
362 2797 448 2843 sensu;
464 2789 493 2832 ut
524 2784 592 2842 abiit,
604 2791 628 2832 et
639 2784 706 2832 misit
716 2800 772 2832 eum
784 2784 809 2831 in
819 2798 948 2842 carcerem,

10 2848 25 2879 ⁵
68 2848 173 2909 probetis
219 2847 291 2906 dora,
300 2853 329 2895 ut
340 2845 393 2896 sitis
403 2847 492 2895 sinceri
524 2848 604 2896 donec
622 2848 735 2896 redderet
751 2848 869 2896 debitum.
906 2847 950 2897 Vi-

10 2912 177 2975 kletsineo
196 2910 371 2961 ensaindiem
389 2911 488 2971 Christi,
523 2912 609 2961 dentes
644 2920 726 2961 autem
759 2911 870 2960 conservi
897 2912 950 2975 ejus

10 2977 27 3007 ⁴*-
68 2976 150 3040 repleti
169 2977 249 3026 fructu
268 2975 372 3040 justitiae
390 2991 435 3039 per
448 2976 491 3040 Je·
524 2992 579 3040 quae
601 2976 699 3036 fiebant,
730 2976 866 3024 contristati
893 2987 951 3027 sunt

15 3044 29 3071 ²
45 3036 52 3115 '¹
68 3054 118 3088 sum
139 3041 274 3103 Christum,
295 3039 445 3104 ingloriam
467 3047 492 3089 et
524 3040 611 3089 valde:
630 3048 654 3089 et
676 3049 802 3099 venerunt,
824 3048 848 3088 et
867 3056 949 3090 narra-

68 3103 161 3154 laudem
173 3106 228 3156 Dei.
524 3111 610 3153 verunt
621 3104 723 3154 domino
734 3121 779 3155 suo
795 3105 882 3154 omnia
896 3122 955 3173 quae

126 3181 173 3216 rr<
