2092 3450
227 164 301 222 datr
316 162 445 233 nantum
460 163 565 232 tardati
580 164 764 232 &attuleram

85 314 236 364 necessitate
252 315 360 364 infantes
377 315 446 364 domi
463 316 626 379 baptizandos
647 322 740 365 curent.
786 316 821 363 At
839 331 897 364 curn
914 317 939 363 id

84 381 223 430 necessitas
235 382 351 444 requirat,
367 382 509 445 Baptismus
520 382 569 429 hoc
584 382 661 429 modo
673 380 865 430 administretur.

50 457 166 506 Primum
190 459 325 519 Parochus,
351 475 402 518 seu,
428 475 457 506 eo
480 459 591 519 absente,
614 460 677 506 alius
698 459 802 522 quilibet
825 457 941 507 Minister

84 523 212 586 legitimus
224 525 267 588 qui
279 525 367 572 arcessi
379 525 464 586 possit,
477 541 534 572 cum
546 525 576 572 iis
585 524 628 587 qui
640 525 729 571 adsunt
739 525 823 571 Deum
832 524 939 581 invocet,

87 588 239 636 Orationem
257 589 417 637 Dominicam
434 590 527 648 dicens,
543 598 567 638 et
584 590 717 638 Orationes
735 605 766 636 ex
783 589 832 636 illis
850 589 940 636 Ordini

87 653 188 702 Publici
205 655 329 717 Baptismi
346 670 420 717 supra
438 655 576 716 assignatis,
591 663 652 718 quot
668 671 714 716 pro
731 654 851 718 temporis
869 661 893 702 et
905 654 942 700 in·

85 719 177 767 stantis
195 720 349 768 necessitatis
369 720 465 767 ratione
486 720 589 768 recitare
608 721 712 782 possint.
756 720 864 778 Deinde,
884 734 940 767 cum

86 783 178 847 aliquis
190 785 234 848 qui
245 785 315 832 adest
327 800 420 832 nornen
436 783 524 832 infanti
542 784 646 845 dederit,
661 784 778 833 Minister
794 801 868 850 super
884 799 940 832 eum

86 864 182 913 aquam
193 849 316 911 infundat,
330 850 417 898 dicens
428 850 482 898 haec
493 850 584 899 verba:

155 969 229 1020 aco
241 975 267 1018 te
276 967 375 1042 rapum
386 964 418 1014 In
429 963 482 1040 up-

54 1029 481 1166 aspadbtrl'ttffiittdll

54 1203 164 1262 Deinde,
193 1203 308 1253 omnibus
335 1205 480 1268 genuflexis,

544 957 671 1026 usurpata.
712 951 771 1013 Quo
788 952 815 999 in
832 967 889 1001 casu
907 952 942 1000 ita

511 1017 755 1267 dedidTIORES
765 1085 828 1134 facio
837 1099 888 1142 vos,
900 1097 942 1133 me

600 1153 645 1201 rite
654 1159 678 1201 et
686 1151 821 1201 secundum
830 1149 942 1197 ordinem

516 1234 531 1266 a
566 1216 678 1266 Ecclesia
690 1215 867 1279 praescriptum,
885 1219 942 1260 tem·

87 1269 206 1317 Mlsslsstes
224 1270 281 1320 ΒΕΘ
300 1271 393 1334 gratlffi
412 1277 478 1334 figat,
509 1289 571 1346 pore
580 1282 623 1330 illo
633 1287 658 1329 et
671 1280 720 1327 loco
730 1279 780 1339 illo,
794 1293 877 1326 coram
888 1276 942 1340 plu·

87 1334 189 1384 dicens:

516 1347 584 1395 ribus
609 1344 712 1394 testibus
735 1343 802 1391 hunc
823 1341 943 1390 infantem

121 1420 256 1472 RATIAS
282 1435 313 1468 ex
334 1417 418 1466 animo
439 1414 485 1464 tibi
516 1410 660 1474 baptizasse.

154 1485 258 1549 agimus,
290 1484 365 1531 Pffl
390 1480 484 1529 miseri·
510 1492 546 1541 At
555 1491 575 1539 si
586 1489 668 1539 infans
676 1488 709 1536 ab
719 1487 769 1535 alio
777 1481 895 1533 Ministro
905 1481 940 1528 le·

55 1545 407 1615 comquiahuncinsantemS
427 1544 483 1593 iritu

56 1616 152 1666 Sancto
160 1621 204 1663 tuo
212 1627 361 1676 regenerare,
371 1611 398 1659 in
434 1609 484 1658 'um

55 1692 107 1730 tuae
134 1677 276 1742 adoptionis
301 1676 431 1739 suscipere,
460 1680 485 1722 et

56 1741 485 1802 sauctaeEcclesiaetuaeincorporare

56 1809 215 1873 dignatum
242 1806 275 1855 Et
283 1804 406 1868 supplices
414 1809 439 1851 te
446 1817 484 1849 ro·

56 1888 154 1936 gamus,
167 1878 195 1921 ut
206 1868 415 1934 quemadmodum
427 1866 485 1915 Filii

57 1939 95 1987 tui
106 1936 194 1986 mortis
206 1935 259 1999 jam
273 1934 352 1982 factus
363 1937 400 1981 est
410 1931 485 1995 parti·

58 2017 127 2066 ceps,
150 2000 187 2050 ita
207 1999 283 2049 etiam
304 1997 348 2047 fiat
368 2010 485 2046 resurrec-

58 2065 150 2125 tionis;
168 2070 193 2114 et
208 2063 308 2113 tandem
320 2077 376 2111 cum
386 2059 486 2124 reliquis

59 2130 160 2180 Sanctis
177 2128 225 2178 tuis
242 2129 417 2191 sempiternum
432 2138 486 2187 reg·

58 2209 121 2244 num
129 2201 200 2243 tuum
207 2191 351 2242 haereditate
357 2187 483 2253 percipiat.

59 2259 110 2309 Per
125 2256 233 2308 eundem
249 2255 342 2304 Filium
358 2261 429 2302 tuum
446 2252 487 2317 Je-

58 2337 116 2372 sum
133 2321 261 2371 Christum
277 2318 416 2369 Dominum
432 2332 488 2365 nos·

58 2397 134 2436 trum.
171 2388 260 2435 Amen.

56 2463 83 2512 N
86 2478 114 2512 ec
128 2462 295 2512 dubitandum
312 2469 357 2523 est,
371 2461 432 2527 quin
449 2463 486 2511 in·

88 2529 145 2578 fans
169 2529 205 2576 ita
227 2529 367 2592 baptizatus
389 2530 436 2576 rite
461 2535 486 2577 et

88 2594 241 2642 sufficienter
252 2594 391 2657 baptizatus
408 2593 447 2651 sit,
461 2599 487 2642 et

88 2675 140 2706 non
150 2660 242 2707 debeat
254 2659 342 2706 iterum
354 2658 483 2722 baptizari.

89 2726 214 2772 Attamen
237 2724 257 2770 si
281 2732 368 2786 postea
392 2723 486 2771 diutius

88 2789 166 2847 vivat,
187 2789 303 2837 convenit
321 2805 375 2836 eum
393 2789 420 2836 in
438 2788 486 2835 Ec·

89 2854 193 2902 clesiam
212 2854 310 2913 adduci,
325 2870 383 2916 quo,
399 2853 419 2900 si
436 2852 486 2899 Mi·

89 2919 168 2967 nister
185 2919 297 2981 ejusdem
311 2919 437 2981 parochiae
449 2917 486 2964 in-

89 2983 185 3031 fantem
196 2984 367 3046 baptizaverit,
378 2982 487 3047 populus

90 3049 182 3097 certior
199 3047 242 3097 fiat
260 3049 291 3097 de
311 3065 369 3097 vera
388 3047 487 3111 Baptis-

90 3114 125 3162 mi
148 3112 229 3164 forma
251 3113 284 3162 ad
312 3129 342 3164 eo
369 3112 486 3178 privatim

134 3177 181 3243 1⁶9

542 1556 631 1620 gitimo
642 1553 781 1616 baptizatus
793 1547 874 1604 fuerit,
890 1545 941 1593 Mi·

542 1622 619 1670 nister
631 1617 755 1683 parochiae
768 1618 794 1664 in
807 1628 856 1677 qua
867 1618 941 1685 natus

543 1694 588 1746 est,
600 1694 642 1733 aut
654 1685 803 1746 baptizatus,
817 1692 942 1727 examma-

543 1750 697 1807 timefacta,
713 1764 745 1795 an
758 1744 869 1807 legitime
882 1743 941 1804 bap-

542 1817 632 1865 tizatus
640 1815 721 1872 suerit,
733 1826 819 1867 necne,
832 1807 943 1870 experia-

544 1888 591 1930 tur.
625 1881 682 1941 Quo
694 1880 719 1925 in
729 1893 787 1925 casu
797 1876 817 1923 si
826 1874 843 1920 ii
854 1872 896 1935 qui
905 1872 942 1918 in·

543 1946 639 1995 sautem
651 1946 676 1991 in
689 1942 821 1991 ecclesiam
833 1939 943 1985 adduxe·

542 2012 591 2059 rint
605 2011 714 2057 eundern
724 2007 777 2070 jam
789 2004 943 2067 baptizatum

540 2092 594 2124 esse
600 2069 945 2138 respondeant,Ministereos

540 2140 642 2190 ulterius
658 2143 825 2203 percontetur,
841 2134 943 2181 dicens:

598 2208 674 2274 QUO
693 2206 832 2274 baptizatus
851 2213 888 2254 est
907 2204 949 2253 hic

618 2273 719 2323 infans?

556 2339 614 2402 Quo
624 2344 745 2403 praesente
758 2335 899 2400 baptizatus
912 2339 950 2382 est

523 2405 566 2454 hic
576 2403 674 2452 infans?

558 2467 624 2531 Quia
642 2466 753 2516 accidere
774 2470 863 2529 potest,
888 2478 949 2511 non·

524 2533 593 2581 nulla
610 2532 670 2581 huic
689 2531 850 2581 sacramento
869 2542 949 2576 essen·

525 2597 616 2646 tialiter
636 2594 773 2645 necessaria
798 2599 900 2656 propter
920 2590 950 2638 ti·

525 2676 621 2710 morem
640 2667 682 2709 aut
700 2658 889 2714 festinationem,
911 2670 950 2702 ur·

526 2733 600 2789 gente
618 2725 662 2774 tali
681 2723 833 2780 necessitate,
852 2725 951 2783 praeter-

527 2790 600 2849 mitti,
622 2789 697 2852 igitur
717 2786 819 2834 ulterius
839 2783 888 2832 hoc
907 2798 952 2832 vos

528 2855 667 2917 interrog03

561 2918 619 2980 Qua
636 2915 740 2964 materia
760 2912 897 2978 baptizatus
917 2916 953 2960 est

527 2980 678 3036 hicinfans?

561 3045 657 3109 Quibus
667 3043 748 3093 verbis
764 3041 902 3106 baptizatus
917 3045 954 3088 est

527 3109 678 3160 hicinlansi
