2040 3458
210 149 344 208 Dumiuira
360 149 462 227 Diruta
481 154 557 219 hisnu
575 159 632 220 uest
649 156 806 214 OEtinttatrm.

218 372 349 430 Danista
364 369 466 427 Druna
483 368 581 426 ditata
597 372 655 438 nnat
671 365 828 425 trinitatem.

249 485 349 541 Citati&
540 497 691 556 sadducaeis,
733 506 898 546 convenerunt
938 498 963 546 in

206 592 353 641 quaesumus,
389 575 506 636 Domine,
539 578 632 611 unum:
666 570 690 611 et
717 562 876 625 interrogavit
908 578 964 611 eum

79 576 175 701 DA
193 643 289 707 populo
312 649 356 690 tuo
371 641 505 700 mundana,
538 642 602 675 unus
618 642 649 676 ex
668 626 702 675 eis
720 627 891 701 legisdoctor,
912 635 964 675 ten-

75 706 197 766 carnalia,
227 714 252 756 et
278 705 404 755 diabolica
430 707 508 752 vitare
538 699 594 739 tans
609 707 680 739 emm
700 691 827 754 Masslstest
844 692 912 766 quod
928 701 964 740 est

75 771 203 834 contagia,
227 778 253 820 et
280 777 305 819 te
323 770 404 819 solum
422 784 509 817 verum
539 755 683 830 mffssflqtum
705 771 823 830 magnum
844 771 871 803 m
893 756 965 830 iege?

76 835 164 884 Deum
189 851 253 900 puro
276 835 351 883 corde
377 842 402 882 et
425 840 509 880 mente
539 820 584 868 Art
593 819 964 882 1111Jesu82D1hgesDom1num

75 899 174 948 sectari,
212 901 260 948 Per
276 899 362 963 Jesum
382 897 508 946 Christum
538 883 621 932 Deum
633 892 702 932 tuum
714 900 744 931 ex
755 893 808 932 toto
820 885 894 933 corde
910 892 961 945 tuo,

78 963 219 1013 Dominum
230 972 349 1013 nostrum,
384 964 473 1011 Am
538 955 563 996 et
574 947 600 996 in
611 954 664 996 tota
672 948 755 996 anima
772 956 820 1008 tua,
836 955 860 997 et
875 948 901 996 in
912 956 965 997 tota

538 1019 681 1061 mentetua.
718 1013 778 1060 Hoc
786 1014 964 1061 estmaximum

231 1071 357 1140 fipiziula.
537 1083 563 1124 et
574 1077 680 1139 primum
688 1077 839 1125 mandatum.
871 1077 964 1126 Secun-

336 1163 346 1191 1.
537 1139 597 1188 dum
624 1147 707 1189 autem
733 1141 813 1189 simile
835 1148 871 1189 est
893 1141 964 1190 huic:

157 1246 160 1250 Δ
194 1179 261 1257 {Ad
272 1179 390 1241 Cor.1.4
538 1204 635 1269 Diliges
652 1205 792 1269 proximum
804 1213 880 1265 tuum,
901 1205 964 1254 sicut

146 1267 280 1318 RATIAS
301 1283 349 1330 ago
371 1268 428 1316 Deo
450 1284 508 1317 meo
537 1268 650 1331 teipsum.
687 1269 717 1316 ln
733 1269 771 1317 his
786 1269 963 1318 duobusman·

177 1347 276 1396 semper
306 1348 353 1396 pro
382 1333 453 1381 vobis
480 1333 507 1381 in
536 1332 601 1380 datis
620 1332 733 1381 universa
754 1333 795 1381 lex
819 1334 919 1397 pendet,
939 1343 964 1383 et

75 1396 158 1460 gratia
168 1397 227 1456 Dei,
240 1412 296 1461 quae
313 1397 372 1445 data
388 1405 425 1446 est
436 1397 507 1446 vobis
537 1397 671 1460 prophetae.
709 1397 964 1460 Congregatisautem

76 1462 103 1510 in
119 1461 221 1510 Christo
235 1461 310 1525 Jesu:
327 1461 395 1525 quod
410 1461 437 1510 in
454 1477 506 1510 om·
538 1461 675 1519 Pharisaeis,
689 1461 848 1524 interrogavit
865 1478 907 1510 eos
921 1462 963 1524 Je-

76 1525 151 1574 nibus
161 1525 251 1574 divites
261 1525 319 1575 iacti
336 1526 393 1574 estis
408 1525 435 1574 in
451 1525 504 1585 illo,
536 1540 584 1583 sus,
599 1525 697 1575 dicens:
716 1526 783 1587 Quid
790 1526 861 1574 vobis
867 1527 964 1574 videtur

76 1590 103 1638 in
112 1589 273 1648 omniverbo,
286 1597 311 1638 et
319 1590 506 1639 inomniscien-
536 1588 568 1638 de
587 1590 702 1639 Christo?
735 1589 812 1652 Cujus
829 1590 892 1639 filius
910 1593 964 1640 est?
1009 1647 1011 1650 y

76 1654 127 1702 tia:
144 1653 208 1702 sicut
225 1653 394 1702 testimonium
412 1654 505 1703 Christi
536 1653 629 1702 Dicunt
650 1654 687 1703 ei:
709 1655 799 1703 David.
836 1655 881 1703 Ait
901 1655 963 1704 iilis:

76 1717 251 1767 confirmatum
269 1725 305 1766 est
322 1718 349 1766 in
367 1719 454 1767 vobis:
470 1719 514 1767 ita*
537 1718 670 1780 Quomodo
682 1734 741 1781 ergo
753 1718 835 1766 David
843 1720 869 1767 in
876 1719 964 1782 spiritu

75 1780 260 1831 utnihilvobis
271 1781 334 1831 desit
349 1782 376 1831 in
392 1782 443 1830 ulla
450 1798 505 1846 gra·
535 1790 608 1831 vocat
628 1798 685 1831 eum
705 1783 849 1842 Dominum,
864 1784 962 1832 dicens:

75 1846 119 1905 tia,
126 1845 505 1921 exspectantibusrevelationem
536 1846 607 1895 Dixit
624 1847 747 1896 Dominus
764 1848 875 1897 Domino
891 1864 963 1897 meo:

75 1910 182 1960 Domini
209 1910 286 1959 nostri
311 1911 371 1973 Jesu
403 1910 503 1970 Christi,
537 1910 602 1960 Sede
624 1927 639 1959 a
666 1911 757 1960 dextris
785 1912 853 1972 meis,
883 1913 964 1961 donec

75 1975 121 2039 qui
142 1982 167 2024 et
187 1974 343 2024 oonfirmabit
362 1990 407 2023 vos
428 1991 506 2038 usque
536 1990 628 2038 ponam
639 1975 752 2024 inimicos
764 1983 819 2024 tuos
828 1977 963 2025 scabellum

74 2041 101 2088 in
122 2038 198 2088 finem
220 2038 273 2087 sine
292 2038 401 2098 crimine,
422 2038 448 2086 in
465 2039 505 2088 die
536 2039 627 2102 pedum
638 2042 754 2089 tuorum?
777 2040 805 2090 Si
814 2057 872 2104 ergo
881 2042 963 2089 David

74 2104 197 2152 adventus
217 2103 321 2152 Domini
342 2103 420 2151 nostri
444 2103 506 2167 Jesu
535 2112 670 2152 vocateum
679 2105 824 2164 Dominum,
837 2106 963 2168 quomodo

35 2191 37 2194 >
74 2167 176 2217 Christi
537 2167 601 2217 tilius
623 2169 675 2233 ejus
692 2171 748 2218 est?
781 2169 814 2218 Et
829 2185 902 2218 nemo
918 2185 962 2234 po·

184 2245 358 2315 mundium,
536 2239 599 2281 terat
621 2235 645 2282 ei
672 2232 820 2296 respondere
845 2235 962 2283 verbum:

330 2342 345 2354 „
535 2311 615 2361 neque
631 2313 703 2346 ausus
720 2297 766 2346 suit
784 2298 913 2362 quisquam
934 2315 964 2347 ex

172 2343 200 2394 S·
213 2343 403 2406 Matiffldi-
535 2360 579 2408 illa
600 2361 640 2410 die
662 2377 719 2410 eum
738 2363 844 2426 amplius
862 2364 962 2412 interro·

74 2423 504 2549 PHhRISfEIaudientesquod
535 2441 600 2488 gare.

173 2487 299 2538 silentium
348 2495 504 2552 imposmsset

225 2626 357 2683 Dominus
373 2627 475 2684 nutura
491 2629 567 2685 Nutu
583 2633 640 2698 pust
657 2629 813 2686 drinium.

225 2733 325 2792 Dtaiio.
537 2743 626 2795 sinete
642 2745 740 2809 placere
755 2760 807 2792 non
823 2759 958 2807 possumus.

142 2831 275 2881 IRIGAT
308 2831 383 2880 corda
409 2840 500 2891 nostra,
538 2809 678 2873 PerJesum
688 2809 813 2858 Christum
825 2809 962 2858 Dominum

143 2896 503 2960 quaesumus,D0mine‚Sancti
537 2882 654 2922 nostrum.
691 2877 778 2922 Amen.

73 2960 110 3009 1¹¹³
122 2960 230 3024 Spiritus
242 2961 353 3024 operatio
360 2978 368 3022 ;
385 2962 443 3025 quia
458 2961 503 3011 tibi

141 3037 184 3073 111
