2040 3458
10 42 13 183 i

10 190 16 214 i

162 197 300 254 fflumiuita
316 197 381 252 initu
401 196 528 252 ortatur
544 193 695 259 iiriiiitutis
711 192 824 249 Domini.

175 344 356 414 EiaugtIittut.
514 336 624 386 Domino
639 352 684 401 per
697 335 851 412 prophetam·
859 337 941 412 dicen·

161 439 189 490 s.

119 527 267 578 NGELUS
287 527 389 577 Domini
406 543 482 591 appa·
515 528 633 592 quoniam
643 528 728 577 illusus
743 535 806 578 esset
821 544 837 578 a
852 530 938 592 magis,

150 593 202 641 ruit
221 593 248 640 in
267 594 360 641 somnis
378 592 480 656 Joseph,
514 592 590 642 iratus
605 599 642 641 est
652 592 732 653 valde,
747 600 771 642 et
785 593 885 642 mittens
900 609 941 642 oc·

16 666 20 681 '
61 655 157 706 dioensz
175 656 265 719 Surge,
283 663 308 704 et
324 656 409 720 accipe
424 671 484 720 pue·
515 656 574 704 cidit
585 672 671 705 omnes
681 673 770 720 pueros
781 657 824 721 qui
835 665 904 706 erant
915 658 942 706 in

14 698 25 783 i
61 727 269 780 rumetmatrem
280 719 340 782 ejus,
354 727 378 768 et
390 721 448 782 suge
457 721 484 768 in
515 720 667 780 Bethlehem,
679 730 703 770 et
714 721 741 769 in
756 721 871 770 omnibus
887 722 941 770 fini·

62 785 202 848 AEgyptum,
225 791 250 833 et
273 792 326 832 esto
350 784 385 832 ibi
407 799 485 848 usque
514 784 561 834 bus
580 785 640 847 ejus,
662 800 678 834 a
704 785 800 834 bimatu
818 793 843 834 et
867 787 938 845 infra,

62 848 116 896 dum
125 849 209 897 dicam
220 847 273 897 tibi.
310 847 431 896 Futurum
448 855 484 897 est
515 849 650 897 secundum
662 855 760 914 tempus
775 851 842 913 quod
857 852 940 914 exqui-

63 912 122 960 euim
135 918 165 961 ut
183 912 299 960 Herodes
315 919 408 976 quaerat
424 927 484 976 pue·
516 913 709 976 sieratamagis.
741 913 940 978 Tuncadimpie-

63 991 112 1024 rum
122 977 155 1025 ad
166 975 322 1040 perdendum
333 992 396 1024 eum.
434 976 485 1039 Qui
515 983 569 1025 tum
588 977 710 1041 estquod
729 977 823 1026 dictum
842 985 878 1026 est
897 995 942 1043 per

64 1055 214 1104 consurgens,
228 1040 323 1103 accepit
340 1056 443 1104 puerum
460 1047 485 1089 et
514 1041 647 1105 Jeremiam
673 1041 828 1105 prophetam,
858 1043 940 1091 dicen·

63 1112 160 1154 matrem
176 1104 230 1167 ejus
245 1112 326 1163 nocte,
344 1112 368 1153 et
384 1105 484 1154 secessit
515 1112 584 1154 tem:
600 1105 658 1153 Vox
668 1105 695 1153 in
707 1106 787 1153 Rama
798 1106 881 1154 audita
893 1115 936 1165 est,

63 1167 238 1232 inAEgyptum.
259 1169 292 1216 Et
304 1169 399 1217 eratibi
407 1184 485 1233 usque
532 1169 624 1218 loratus
646 1175 671 1218 et
698 1170 805 1219 ululatus
831 1171 939 1219 multus:

63 1232 90 1280 ad
103 1234 199 1282 obitum
217 1232 344 1281 Herodis:
363 1240 391 1281 ut
406 1233 483 1281 adim-
540 1233 611 1283 achel
630 1233 729 1297 plorans
748 1233 812 1284 filios
831 1249 895 1294 suos,
916 1244 940 1285 et

64 1296 163 1359 pleretur
189 1296 258 1361 quod
285 1297 379 1345 dictum
407 1304 443 1346 est
469 1313 484 1346 a
513 1298 592 1347 noluit
603 1297 731 1358 consolari,
743 1298 862 1363 quianon
873 1309 937 1348 sunt.

178 1433 310 1492 Boudaia
325 1435 390 1491 iufra
407 1436 532 1494 ouium
548 1438 698 1504 uicinitatis
713 1441 826 1499 Remini.

215 1525 317 1579 &iiim-
513 1555 560 1604 sub
582 1555 708 1606 elementis
729 1560 816 1609 mundi
843 1576 939 1610 eramus

17 1566 21 1657 ,Ι
61 1620 334 1750 OMNIPOTENS
352 1629 483 1693 Deus‚qui
513 1619 652 1670 servientes.
688 1623 725 1671 At
742 1624 785 1672 ubi
802 1625 870 1674 venit
887 1626 938 1689 ple-

147 1692 483 1766 unigenitumFiliumtuum
513 1684 600 1758 nitudo
627 1686 751 1750 temporis,
776 1689 842 1737 misit
870 1690 939 1739 Deus

62 1757 244 1816 nobisded15fi‚
265 1764 293 1804 ut
311 1764 421 1805 nostram
440 1773 482 1805 na.
514 1748 935 1811 Fdiumsuum,sactumexmuliere‚

61 1830 135 1869 turam
155 1826 297 1879 assumeret,
314 1829 338 1870 et
353 1821 403 1870 1100
421 1828 483 1870 tem.
512 1811 605 1861 sactum
615 1814 661 1863 sub
671 1815 733 1877 lege,
748 1822 775 1864 ut
786 1832 828 1865 eos
840 1818 882 1881 qui
892 1819 938 1867 sub

10 1892 13 1901 ’
61 1900 115 1948 pore
129 1884 162 1934 de
176 1900 240 1948 pura
254 1884 358 1947 Virgine
372 1901 483 1934 nascere.
513 1876 568 1939 lege
584 1883 653 1926 erant
669 1878 806 1939 redimeret,
820 1888 847 1929 ut
861 1883 937 1946 adop-

59 1959 110 1997 tur:
128 1949 230 2007 Praestav
241 1963 388 2023 quaesumus,
399 1956 427 1998 ut
438 1965 484 1998 nos
513 1940 606 1994 tionem
632 1940 739 1991 filiorum
766 1945 934 2008 reciperemus.

59 2013 199 2077 regenerati,
209 2011 303 2076 fili1que
311 2013 347 2061 tui
355 2029 399 2076 per
407 2014 483 2078 adop.
514 2003 639 2066 Quoniam
650 2013 732 2056 autem
741 2009 799 2058 estis
810 2009 861 2069 filii,
871 2011 938 2059 misit

58 2077 148 2126 tionem
160 2085 185 2126 et
195 2077 300 2140 gratiam
311 2076 376 2136 facti,
389 2077 484 2141 spiritu
514 2069 583 2118 Deus
592 2070 711 2134 Spiritum
720 2072 778 2120 Filii
784 2074 822 2122 sui
830 2075 856 2122 in
864 2076 939 2124 corda

58 2141 148 2190 Sancto
157 2147 202 2189 tuo
209 2141 320 2204 quotidie
328 2156 480 2190 renovemur.
513 2140 601 2191 vestra,
612 2133 776 2209 clamentem:
794 2138 876 2197 Abba,
891 2141 937 2187 Pa-

57 2205 484 2254 Pereundemnominumnostrum
513 2202 556 2245 ter.
585 2198 734 2262 ltaqueJam
742 2216 793 2249 non
801 2209 836 2250 est
845 2219 934 2262 servus,

55 2268 483 2332 Jesumchristum‚quitecumvivit
513 2260 557 2309 sed
574 2260 646 2311 filius.
683 2263 758 2325 Quod
775 2266 796 2314 si
815 2267 896 2316 filius:
913 2275 937 2316 et

57 2340 79 2382 et
101 2340 191 2396 regnat
212 2333 239 2381 in
260 2333 355 2382 unitate
377 2334 483 2398 Spiritus
513 2324 583 2375 heres
593 2342 638 2390 per
649 2327 737 2376 Deum.

57 2398 141 2447 Sancti
153 2397 232 2458 Deus,
245 2413 290 2460 per
300 2397 384 2447 omnia
394 2398 484 2447 saecula

57 2461 212 2511 saeculorum
248 2464 336 2512 Amen.
757 2512 762 2524 Ι

621 2509 652 2569 S.
668 2511 740 2560 Matt.
755 2528 770 2561 1.
789 2513 824 2562 18.

200 2543 326 2644 minin·
573 2584 699 2635 HRISTI
715 2594 799 2637 autem
814 2591 939 2651 generatio

170 2634 214 2681 Ad
226 2631 281 2682 Gal·
296 2649 327 2682 W·
346 2644 366 2683 1.
605 2649 640 2698 sic
651 2657 719 2699 erat:
737 2652 801 2700 Cum
818 2661 880 2701 esset
897 2655 938 2702 de·

58 2708 187 2833 DICO
200 2715 298 2758 autem:
314 2709 414 2770 Quanto
423 2715 484 2758 tem·
515 2720 631 2774 sponsata
641 2723 720 2763 mater
736 2717 787 2778 ejus
802 2717 883 2765 Maria
895 2719 938 2781 Jo-

157 2788 219 2848 pore
229 2773 299 2822 heres
310 2772 426 2836 paruulus
438 2781 482 2833 est,
514 2777 584 2839 seph,
609 2784 741 2842 antequam
771 2783 936 2839 convenirent,

56 2837 120 2887 mhil
141 2837 224 2885 drffert
246 2853 261 2885 a
280 2853 357 2896 servo,
377 2852 434 2886 cum
453 2838 485 2886 sit
516 2840 616 2888 inventa
626 2850 663 2890 est
677 2843 704 2890 in
715 2852 784 2893 utero
798 2845 892 2894 habens
908 2846 939 2895 de

57 2901 313 2951 dominusomnium:
330 2901 373 2950 sed
386 2902 432 2950 sub
447 2908 485 2950 tu·
517 2904 610 2967 Spiritu
623 2906 722 2955 Sancto
752 2909 939 2983 Josephautem

58 2966 154 3016 toribus
169 2974 194 3013 et
209 2965 333 3013 actoribus
348 2972 392 3026 est,
407 2981 485 3030 usque
515 2968 553 3016 vir
572 2969 631 3031 ejus,
651 2985 707 3018 cum
727 2980 789 3020 esset
808 2982 895 3036 Justus,
915 2982 939 3022 et

58 3029 252 3094 adpraefinitum
263 3036 386 3093 tempusa
399 3037 486 3093 patre:
516 3031 594 3080 nollet
621 3049 676 3081 eam
703 3036 837 3097 traducere,
861 3039 939 3087 voluit

59 3096 94 3143 ita
106 3102 130 3143 et
141 3109 368 3143 noscumessemus
379 3095 483 3158 parvuli,
516 3097 612 3146 occulte
630 3097 755 3150 dimittere
773 3116 837 3152 enm.
876 3103 942 3152 Huc

119 3170 155 3218 39

625 2421 799 2489 uirtutium.
816 2405 819 2410 ’
