2092 3450
229 176 388 235 ttuuttuutiu
407 172 599 242 Epistuuutum.

60 328 82 364 n
94 310 131 364 ab
143 309 177 364 iis
190 310 237 380 qui
247 308 314 362 soris
327 317 401 374 sunt,
433 300 619 357 ministerium
630 293 708 350 verbi
720 293 797 364 quod
813 309 858 374 ac-

60 381 118 434 nin
135 379 316 450 opprobrium
334 377 402 430 inci·
434 373 495 442 cepi
508 389 526 425 a
540 367 664 448 Domino
675 363 859 445 Jesu‚·test1fi··

60 460 75 504 tt
87 451 116 503 in
128 450 259 520 laqueum
271 448 383 503 diaboli.
435 443 492 496 cari
504 438 679 507 evangelium
688 443 786 503 grattae
797 435 859 513 Der,

132 569 146 580 ..
435 522 464 567 et
476 527 551 566 nunc
567 524 633 564 ecce
650 522 701 573 ego
718 505 777 557 scio
793 519 860 572 quia

119 576 183 620 *W
197 569 269 619 hanc
436 583 555 652 amplius
583 595 641 632 non
665 573 796 629 videbitis
820 571 860 625 sa-

60 666 161 719 ttiunmt
178 680 223 729 utu
240 664 366 731 urnula.
436 653 508 706 ciem
520 665 613 730 meam
622 662 675 728 yos
692 659 799 725 omnes,
811 657 860 710 per

105 770 166 823 Act·
179 787 222 822 xx·
239 781 278 834 17·
435 738 506 791 quos
513 730 629 800 transivi
636 714 793 785 praedrcans
801 728 860 780 reg·

436 808 504 844 num
515 792 576 844 Der.
609 787 785 854 Quapropter
794 797 861 835 con·

60 856 200 909 ‘IILETO
221 864 316 908 autem
333 855 405 908 Pau·
435 871 523 915 testor
531 875 582 913 vos
591 851 861 920 hodiemadie‚quia

69 926 113 979 lus
125 926 240 979 mittens
250 925 404 994 Ephesum,
435 930 557 985 mundus
588 943 650 980 sum
676 941 694 977 a
724 921 860 990 sanguine

59 997 90 1049 rit
102 996 223 1064 majores
235 1004 303 1048 natu
318 994 405 1048 eccle·
436 1000 570 1054 omnium.
611 997 678 1049 Non
699 993 775 1046 enim
797 991 861 1044 sub·

72 1065 126 1133 Qui
140 1082 204 1118 cum
213 1065 355 1118 venissent
367 1064 405 1117 ad
436 1069 545 1137 terfugi,
573 1064 723 1136 quominus
753 1076 860 1114 annun-

67 1144 95 1188 et
113 1135 196 1188 Simul
214 1143 317 1201 essent,
335 1134 405 1187 dixit
435 1141 535 1194 tiarem
547 1150 631 1191 omne
646 1131 794 1187 consilium
807 1129 861 1183 Dei

59 1205 115 1258 Vos
128 1204 215 1270 scitis,
227 1221 245 1257 a
257 1205 348 1285 prima
359 1204 405 1257 die
436 1209 525 1264 vobis.
562 1204 707 1260 Attendite
724 1201 814 1268 vobis,
832 1208 861 1253 et

59 1291 185 1343 ngressus
194 1291 289 1327 summ
297 1275 405 1340 Asiam,
436 1280 566 1333 universo
587 1274 673 1344 gregi,
689 1272 719 1325 in
735 1287 791 1341 quo
809 1286 860 1323 vos

59 1345 251 1398 tervobiscum
264 1360 313 1413 per
322 1360 405 1397 omne
438 1349 557 1418 Spiritus
566 1347 685 1400 Sanctus
693 1339 862 1410 posuitepis·

59 1414 405 1480 ussuerim‚serviensD0-
437 1411 861 1487 cop0s‚regereEcclesiamDei,

70 1485 224 1538 cumomni
239 1483 404 1550 humilitate,
437 1505 523 1558 quam
546 1483 694 1556 acquisivit
724 1480 860 1548 sanguine

61 1555 188 1622 rymis‚et
196 1554 405 1620 tentationibus,
438 1575 496 1611 suo.
533 1558 596 1624 Ego
609 1554 667 1608 scio
680 1551 813 1621 quoniam
821 1549 862 1602 in-

59 1624 126 1677 mihi
144 1624 306 1676 acciderunt
320 1640 352 1676 ex
365 1624 406 1676 in·
437 1628 551 1682 trabunt
574 1632 639 1694 post
659 1620 862 1675 discessionem

59 1693 248 1762 ¹Judaeorum:
265 1694 406 1763 quomodo
438 1714 531 1750 meam
547 1696 605 1764 lupi
624 1707 740 1762 rapaces
759 1690 788 1743 in
802 1705 862 1755 vos,

76 1764 259 1817 subtraxerim
289 1764 406 1831 utilium,
439 1784 496 1821 non
508 1775 655 1835 parcentes
667 1760 752 1830 gregi.
778 1761 817 1813 Et
829 1775 862 1812 ex

59 1833 131 1887 tinus
148 1833 344 1886 annuntiarem
359 1850 408 1886 vo·
438 1837 519 1890 vobis
543 1835 611 1904 ipsis
638 1838 786 1898 exsurgent
809 1829 861 1881 viri

59 1912 76 1956 tt
88 1903 219 1956 docerem
230 1919 280 1956 vos
297 1903 408 1971 publice
438 1907 583 1976 loquentes
605 1917 743 1972 perversa,
763 1907 793 1951 ut
813 1898 862 1951 aia

61 1989 90 2025 er
119 1972 228 2040 domos,
254 1973 407 2026 testificans
440 1977 545 2029 ducant
568 1971 720 2042 discipulos
739 1977 803 2038 post
824 1984 862 2022 se.

59 2043 88 2096 eis
112 2052 196 2122 atque
222 2043 351 2110 gentibus
379 2043 408 2096 in
441 2048 557 2114 Propter
573 2043 649 2113 quod
664 2040 787 2109 vigilate,
805 2055 863 2091 me-

59 2113 408 2180 npoenitentiam‚etfidem
439 2116 529 2169 moria
549 2115 708 2176 retinentes,
729 2108 863 2178 quoniam

59 2182 408 2251 >minumnostrumJesum
440 2202 490 2254 per
508 2183 659 2238 triennium
677 2188 760 2233 nocte
774 2186 802 2231 et
817 2177 864 2230 die

58 2261 137 2305 stum.
185 2253 223 2305 Et
247 2269 322 2304 nunc
343 2268 409 2305 ecce
440 2271 497 2308 non
519 2254 628 2308 cessavi
648 2266 713 2305 cum
732 2247 863 2314 lacrymis

59 2331 114 2375 itus
133 2337 186 2389 ego
208 2322 314 2390 spiritu,
335 2322 408 2375 vado
440 2341 558 2378 monens
567 2332 793 2391 unumquemque
802 2333 863 2369 ves·

58 2391 208 2455 erusalem3
236 2408 299 2460 quae
323 2391 352 2444 in
376 2409 410 2445 ea
440 2403 521 2447 trum.
559 2395 598 2447 Et
609 2408 684 2445 nunc
697 2385 864 2442 commendo

58 2478 101 2514 rra
113 2461 168 2513 sint
181 2461 250 2513 mihi
258 2461 408 2529 ignorans:
440 2481 490 2518 vos
516 2465 586 2530 Deo,
608 2471 637 2516 et
656 2459 742 2514 verbo
766 2456 864 2524 gratiae

58 2530 133 2599 quod
150 2530 268 2600 Spiritus
290 2532 409 2585 Sanctus
440 2535 449 2586 i
471 2534 536 2601 sius,
553 2532 600 2602 qui
620 2540 720 2600 potens
738 2535 780 2580 est
798 2525 864 2578 aedi-

60 2615 157 2654 omnes
181 2601 307 2655 civitates
339 2602 408 2654 mihi
461 2621 532 2670 care,
545 2612 571 2656 et
587 2602 654 2654 dare
671 2595 864 2653 haereditatem

58 2680 160 2737 tutatur,
168 2670 265 2724 dicens
275 2672 409 2740 quoniam
440 2666 799 2726 insanctificatisomnibus.
812 2664 865 2717 Ar·

58 2741 410 2809 tlaettribulationesJero-
440 2752 555 2811 gentum
563 2743 865 2805 etaurum,autvestem

58 2811 99 2863 nis
107 2828 153 2863 me
160 2819 282 2865 manent.
308 2811 410 2864 Sedni-
440 2813 542 2865 nullius
554 2809 709 2878 concupivi,
722 2808 794 2861 sicut
811 2803 865 2873 ipsi

57 2897 137 2933 orum
148 2897 256 2934 vereor:
273 2897 324 2934 nec
336 2880 409 2934 sacio
441 2881 534 2935 scitis:
554 2879 687 2949 quoniam
703 2877 740 2931 ad
756 2889 791 2927 ea
802 2890 865 2944 quae

58 2967 110 3002 tam
118 2966 210 3002 meam
218 2950 409 3019 pretiosiorem
440 2951 509 3004 mihi
523 2967 593 3020 opus
608 2957 695 3015 erant,
709 2957 736 3001 et
753 2943 798 2997 his
817 2945 864 3014 qui

58 3037 146 3087 nme,
168 3020 321 3073 dummodo
343 3037 408 3074 con·
441 3037 551 3074 mecum
559 3028 631 3088 sunt,
639 3018 865 3072 ministraverunt

58 3106 123 3143 nem
138 3106 250 3144 cursum
267 3107 369 3157 meum,
382 3101 409 3144 et
443 3107 543 3145 manus
551 3090 620 3144 istae.
645 3088 749 3144 Omnia
755 3084 870 3142 ostendi

58 3172 95 3221 t49
