2040 3458
242 138 376 197 uantum
392 140 484 208 titium
499 147 559 211 urst
575 143 687 211 iuuatm

29 307 248 358 nonusnonvidit
255 306 444 373 corruptionem.
479 306 577 357 videte:
593 306 652 371 quia
662 304 761 370 spiritus
773 320 871 355 caruem
882 313 907 355 et

29 371 113 422 Nomm
122 372 203 437 igitur
213 372 246 422 sit
254 372 333 433 vobis,
344 372 390 422 viri
401 372 448 421 fra·
480 387 535 420 ossa
553 386 604 421 nou
625 371 708 429 habet,
731 371 795 420 sicut
812 386 852 419 me
870 371 906 419 vi·

29 441 74 496 true,
91 437 154 502 quia
173 452 220 501 per
237 436 307 486 hunc
323 437 395 486 vobis
411 452 449 486 re·
479 436 543 485 detis
553 435 652 485 habere.
689 433 842 484 Etcumhoc
853 434 906 483 dix-

29 499 103 550 missio
130 507 293 565 peccatorum
319 501 449 550 annuntia·
479 499 545 559 isset,
575 499 683 549 ostendit
710 499 745 548 eis
766 514 854 548 manus
882 507 907 548 et

29 570 73 615 tu:
89 571 115 614 et
126 564 161 614 ab
173 565 289 614 omuibus
297 565 386 629 quibus
396 581 449 614 nou
479 564 561 628 pedes
598 564 691 613 Adhuc
701 571 783 612 autem
795 563 906 612 illisnou

29 628 134 691 potuistis
151 629 180 679 iu
196 629 252 693 lege
269 629 351 692 Moysi
360 629 448 694 justifi-
479 628 642 686 credentibus,
657 635 682 677 et
692 627 838 677 mirantibus
854 643 906 691 prae

29 695 75 752 uari,
88 692 117 743 in
135 694 191 743 hoc·
204 694 285 743 omnis
301 694 344 758 qui
360 694 445 754 credit,
478 693 577 755 gaudio,
591 692 669 742 dixit:
687 691 793 740 Habetis
809 691 850 740 hic
861 691 905 740 ali·

29 755 172 816 iustifioatur.
221 758 312 807 Videte
334 774 392 822 ergo
416 773 449 808 ne
497 756 540 805 uid
559 757 627 821 quod
647 757 828 805 manducetur?
867 756 904 804 At

29 823 176 885 superveniat
186 822 260 871 vohis
288 822 338 871 uod
354 823 448 872 dictum
480 821 485 832 '
507 820 669 870 iobtuleruut
686 821 708 869 ei
724 826 820 884 partem
831 819 905 884 piscis

29 895 58 934 ut
71 886 99 934 in
118 886 249 951 prophetis
259 838 373 936 quidete
389 902 448 936 con·
477 885 526 934 assi
537 892 562 934 et
572 885 655 934 savum
666 885 753 934 meilis.
799 884 905 934 Etcum

28 955 162 1014 temptores,
187 957 213 999 et
234 950 397 1009 admiramini,
423 957 448 1000 et
477 946 787 1005 manduoassetcorameis
796 946 905 1008 [sumens

29 1012 206 1078 iisperuimini:
222 1015 350 1079 quiaopus
359 1029 448 1079 operor
478 1011 593 1076 reliquias
602 1011 730 1072 dediteis].
763 1010 905 1059 Etdixitad

28 1092 65 1140 uo
75 1078 198 1128 indiebus
206 1079 299 1138 vestris,
311 1095 373 1143 opus
381 1078 450 1143 quod
478 1091 535 1125 eos:
553 1075 617 1125 Haec
631 1081 689 1124 sunt
705 1073 782 1123 verba
797 1089 852 1138 quae
867 1072 904 1122 lo-

28 1157 70 1190 uon
91 1142 206 1203 credetis,
229 1143 251 1192 si
272 1143 327 1208 quis
353 1159 449 1193 enarm-
479 1148 549 1189 cutus
564 1155 619 1189 sum
636 1140 668 1188 ad
684 1154 736 1198 vos,
751 1153 807 1212 curu
824 1137 906 1186 adhue

28 1206 81 1256 terit
91 1207 171 1257 vobis.
478 1220 557 1252 essem
574 1204 709 1263 vobiscum,
728 1217 845 1267 quomam
862 1216 900 1250 ne·

337 1262 350 1289 ⁴
479 1283 546 1318 cesse
568 1275 605 1317 est
627 1267 724 1332 impleri
746 1266 830 1316 omnia
848 1281 905 1330 quse

144 1341 317 1411 stengelium
442 1385 444 1391 ,
478 1333 570 1397 scripta
580 1339 637 1408 sunt
648 1332 674 1380 in
691 1330 865 1406 LegenMoysi,
880 1337 905 1378 et

116 1435 144 1486 s·
159 1434 309 1485 Lama
326 1434 365 1498 ψ-
479 1397 665 1525 {auhtenti
679 1395 905 1509 {reiteret

73 1525 186 1574 ΤΕΤΙΤ
212 1525 284 1588 Jesus
310 1525 337 1574 in
364 1524 448 1574 medio
478 1524 642 1588 intelligerent
653 1525 792 1587 scripturas,
807 1531 831 1572 et
842 1522 905 1571 dixit

106 1605 201 1648 eorum,
216 1597 240 1638 et
251 1589 311 1638 dicit
323 1589 372 1639 eis:
395 1590 449 1638 Pax
478 1589 529 1639 eis:
546 1589 671 1652 Quoniam
682 1589 717 1638 sic
728 1587 846 1651 scriptum
858 1593 902 1646 est,

28 1653 106 1703 robis:
123 1669 172 1717 ego
183 1669 245 1713 sum,
259 1654 336 1704 nolite
351 1654 444 1703 timere.
479 1660 503 1702 et
515 1654 550 1703 sic
561 1653 691 1717 oportebat
704 1651 830 1701 Christum
841 1650 901 1714 pati,

28 1717 169 1767 Conturbati
188 1733 247 1767 vero
267 1724 291 1767 et
311 1718 444 1776 conterriti,
479 1726 504 1766 et
525 1733 649 1781 resurgere
671 1732 687 1765 a
708 1715 811 1765 mortuis
833 1714 905 1764 tertia

28 1782 194 1831 nistimabant
221 1797 247 1831 se
274 1782 387 1846 spiritum
412 1782 448 1831 vi·
478 1782 534 1831 die:
561 1788 586 1831 et
607 1781 735 1846 praedicari
756 1780 783 1828 in
804 1779 904 1828 nomine

28 1847 82 1896 iere.
128 1846 163 1896 Et
174 1845 237 1895 dixit
248 1846 297 1895 eis:
315 1846 383 1908 Quid
398 1853 448 1894 tur·
478 1846 531 1909 ejus
559 1845 731 1909 poeniteutiam
764 1850 788 1893 et
820 1843 903 1892 remis·

28 1913 71 1959 ›ati
93 1910 161 1969 estis,
187 1917 211 1959 et
233 1910 394 1973 cogitationes
410 1926 448 1958 as-
478 1911 574 1959 sionem
592 1916 750 1974 peccatorum
771 1908 797 1956 in
819 1922 904 1956 omnes

28 1975 128 2024 endunt
139 1975 165 2022 in
183 1974 258 2023 corda
272 1976 373 2024 vestra?
404 1974 448 2023 Vi·
477 1981 571 2038 gentes,
584 1974 633 2024 inci
652 1973 758 2022 ientibus
769 1971 801 2020 ab
814 1971 903 2020 Hiero·

28 2039 74 2088 tete
94 2053 186 2087 manus
210 2053 285 2099 meas,
310 2045 334 2087 et
362 2037 445 2102 pedes,
477 2038 579 2102 solyma.
640 2035 905 2086 osautemtestesestis

28 2104 76 2167 {uia
86 2118 135 2168 ego
147 2102 201 2168 ipse
210 2117 284 2152 sum:
301 2103 408 2168 palpate,
423 2110 448 2152 et
478 2103 573 2152 horum

248 2227 380 2284 Emitte
394 2228 486 2296 ituria
501 2231 559 2298 pust
574 2226 685 2296 iimtia

85 2420 445 2486 MNIPOTENSPater‚qui
585 2446 628 2496 IS
646 2446 711 2510 Joan
732 2460 749 2493 v
770 2458 793 2506 4

114 2485 205 2534 dedisti
215 2486 306 2534 Filium
315 2486 447 2535 tuumuni·
630 2483 636 2496 '
712 2482 718 2494 ¹
749 2482 755 2494 ⁸

27 2566 82 2609 mm,
97 2557 126 2599 ut
140 2557 243 2613 propter
258 2550 348 2599 deficta
364 2558 448 2599 nostra
549 2547 630 2597 MNE
640 2546 708 2611 quod
719 2552 806 2595 natum
822 2551 858 2593 est
874 2559 905 2592 ex

27 2621 164 2674 uoreretur,
178 2622 203 2662 et
219 2621 319 2679 propter
331 2613 448 2678 justifica·
577 2613 640 2671 Deo,
650 2609 868 2668 vincitmundum:
880 2615 904 2655 et

27 2681 115 2729 ‚ionem
148 2686 258 2727 nostram
296 2687 448 2742 resurgeret:
480 2676 534 2726 hoec
556 2682 592 2725 est
618 2675 722 2725 victoria
747 2689 802 2738 quae
828 2671 905 2720 vincit

27 2745 114 2792 ?raesta
140 2749 175 2802 ut,
206 2742 303 2805 abjecto
324 2743 445 2792 fermento
479 2741 607 2800 mundum,
632 2739 694 2789 fides
715 2745 805 2787 nostra
842 2735 904 2809 Quis

27 2807 122 2856 ualitiae
144 2815 169 2855 et
193 2807 317 2870 nequitiae,
336 2807 363 2856 iu
379 2807 445 2871 puri·
479 2813 516 2855 est
538 2805 581 2869 qui
602 2804 679 2853 vincit
705 2801 834 2858 mundum,
857 2799 904 2847 nis1

27 2880 69 2921 ate
80 2871 139 2921 fidei
151 2878 176 2921 et
191 2871 249 2919 vitae
263 2871 309 2920 tibi
325 2878 445 2936 perpetuo
478 2869 520 2984 {ui
542 2869 619 2919 credit
641 2867 758 2933 quoniam
777 2864 849 2939 Jesus
868 2870 905 2938 est

27 2936 159 2986 terviamus
208 2936 256 2984 Per
277 2937 364 2985 merita
385 2936 447 2998 ejus·
502 2934 559 2983 ilius
570 2933 637 2982 Dei?
669 2931 721 2979 Hic
736 2935 905 2991 estqurvenrt

27 3002 77 3050 iem
105 2999 164 3048 Filii
194 2999 232 3048 tui
263 3000 324 3063 Jesu
356 2999 448 3049 Christi
479 3014 525 3063 per
535 3012 625 3061 aquam
636 3002 660 3045 et
671 2991 822 3057 sanguinem,
832 2992 904 3055 Jesus

27 3064 124 3178 Domgni
134 3064 219 3114 nostri
255 3064 343 3114 Amen.
481 3062 606 3112 Christus:
622 3075 673 3109 non
692 3059 718 3107 in
734 3072 798 3122 aqua
814 3057 901 3114 solum,

104 3141 115 3178 1
255 3143 259 3149 ”
457 3138 474 3176 F
