2092 3450
399 219 439 273 ιιι
456 223 545 278 &ilitio
562 224 666 282 ibibittn.

332 435 380 515 he
402 437 542 505 tarsicia
566 443 712 521 hicine.

149 613 229 663 lHIL
249 613 358 662 humano
383 612 566 661 elaboratum
559 614 658 675 ingenio
682 620 734 661 trun
757 621 870 662 exactum
893 615 965 662 initio

180 694 286 742 unquam
300 677 351 736 fuit,
366 677 425 740 quin
441 691 527 741 postca
544 685 754 752 corrumperetur:
772 677 796 725 id
813 678 880 741 quod
898 685 922 726 et
939 678 964 726 in

84 742 138 790 aliis
149 742 220 790 rebus
236 742 367 804 contigisse
377 741 496 796 videmus
510 749 535 790 et
547 741 571 789 in
583 741 662 790 forma
674 741 829 790 Publicanum
847 741 964 790 Ecclesiae

86 807 194 866 Precum,
208 821 268 881 'quae
286 805 402 854 Officium
418 805 538 854 Divinum
553 806 628 868 vulgo
644 805 789 870 appellatur.
834 804 913 880 Cujus
929 806 964 855 de

84 870 163 933 prima
179 870 272 945 origine
283 884 313 918 ac
328 870 424 918 ratione
439 869 460 917 si
476 871 531 945 quis
547 871 613 945 apud
631 871 714 918 Patres
731 876 823 918 veteres
840 870 963 945 inquirere

83 935 193 993 voluerit,
213 935 320 983 inveniet
337 949 391 982 eam
408 934 505 982 nonnisi
523 935 618 1008 optimo
635 934 737 983 consilio
754 934 847 982 scilicet
863 934 962 998 pietatis

83 1000 265 1061 promovendae,
279 999 413 1046 institutam
426 1013 485 1046 esse.
523 998 562 1046 Illi
574 998 639 1046 enim
651 999 685 1046 ita
696 1014 748 1046 rem
759 998 922 1058 instituerunt,
935 1006 964 1047 ut

83 1071 135 1110 tota
147 1063 235 1122 Bihlia,
249 1064 288 1111 vel
300 1062 410 1126 plerique
421 1061 509 1109 libri
489 1078 548 1124 ejus,
562 1062 637 1110 semel
644 1061 750 1139 singulis
761 1063 831 1111 annis
838 1063 963 1138 perleger-

82 1133 171 1176 entur:
187 1127 236 1176 hoc
246 1127 357 1184 consilio
371 1133 398 1174 ut
410 1125 499 1174 Clerrcr
511 1141 586 1174 sacris
597 1126 694 1184 rnrtratr
709 1143 726 1175 ιι
738 1126 872 1191 praesertim
883 1142 926 1190 qur
936 1143 963 1175 ιιι

83 1192 271 1254 congregatione
295 1190 467 1248 ministrarent,
487 1189 607 1253 frequenti
630 1191 735 1239 lectione
755 1199 779 1239 et
802 1191 964 1239 meditatione

82 1254 159 1303 Verbi
172 1255 220 1304 Dei
231 1263 256 1304 et
266 1255 314 1318 ipsi
325 1255 403 1317 magis
414 1255 446 1302 ad
458 1254 575 1329 pietatem
592 1255 760 1314 excitarentur,
775 1262 800 1303 et
811 1256 963 1318 potentiores

82 1318 166 1368 fierent
178 1319 239 1368 alios
250 1319 390 1368 exhortari'
384 1334 409 1367 ιιι
420 1318 533 1366 doctrina
543 1334 609 1378 sana,
624 1325 648 1367 et
659 1319 756 1368 veritati
767 1319 963 1368 contradicentes

81 1398 181 1444 arguere
193 1400 200 1432 ι
216 1384 329 1447 denique,
338 1389 366 1430 ut
377 1382 491 1446 populus,
501 1383 561 1430 dum
573 1382 660 1431 Sacras
672 1383 809 1446 Scripturas
817 1384 843 1431 iu
853 1383 963 1432 Ecclesia

81 1447 156 1495 lectas
168 1448 278 1511 quotidie
289 1447 391 1505 audiret,
405 1447 484 1509 magis
496 1447 623 1511 magisque
639 1447 665 1494 in
677 1448 725 1496 Dei
737 1448 877 1510 cognitione
887 1447 962 1511 profi·

81 1518 154 1571 ceret,
169 1519 193 1560 et
204 1511 237 1560 ad
247 1527 311 1560 verae
322 1511 447 1574 religionis
458 1511 566 1558 studium
577 1518 602 1559 et
613 1527 722 1559 amorem
733 1512 914 1561 accenderetur.

115 1575 166 1624 Sed
182 1575 266 1624 multis
282 1575 372 1624 abhinc
384 1575 461 1634 annis,
475 1582 560 1623 sancta
569 1575 613 1623 illa
629 1584 653 1624 et
664 1575 767 1624 honesta
784 1576 884 1624 Patrum
895 1583 962 1624 vete·

83 1655 135 1687 rum
152 1640 263 1688 instituta
273 1639 309 1688 ita
324 1639 443 1702 neglecta,
457 1647 559 1698 mutata,
573 1646 598 1688 et
614 1648 728 1703 corrupta
745 1646 808 1698 sunt,
822 1642 962 1688 accessione

81 1704 227 1752 incertarum
243 1703 398 1753 historiarum
416 1710 440 1752 et
456 1703 621 1779 legendarum,
636 1712 660 1752 et
676 1704 781 1767 plurium
801 1705 962 1767 Responsori·

80 1783 158 1827 orum,
173 1768 302 1828 Versuum,
317 1776 341 1816 et
352 1766 475 1816 inutilium
487 1767 667 1830 repetitionum,
683 1768 959 1826 Commemorationum,

81 1840 105 1880 et
123 1805 331 1881 Constitutionrim
356 1831 536 1894 Synodalium:
553 1839 580 1879 ut
596 1832 646 1880 sere
662 1848 759 1896 semper
781 1833 883 1895 alicujus
904 1804 961 1880 libri

81 1896 231 1970 5οιιριιιιιι’
225 1897 316 1960 incepti
327 1897 405 1944 tribus
415 1903 457 1944 aut
469 1904 574 1959 quatuor
584 1896 705 1959 capitibus
721 1896 820 1960 publice
831 1895 908 1954 lectis,
923 1912 960 1945 re·

80 1960 147 2024 quua
158 1960 333 2009 omitterentur
370 1961 417 2020 Ita,
437 1960 542 2022 exempli
559 1960 644 2034 gratia,
664 1960 726 2008 liber
743 1961 845 2009 Esaiae'
839 1976 865 2008 ιιι
881 1960 962 2024 prima

82 2024 213 2073 Dominica
224 2025 353 2073 Adventus
364 2023 533 2087 incipiebatur,
547 2032 572 2072 et
585 2024 612 2072 in
624 2024 756 2072 Dominica
768 2024 961 2087 Septuagesimae

83 2088 146 2136 liber
156 2088 299 2138 Geneseos:
316 2088 359 2137 sed
371 2088 551 2151 incipiebantur
562 2095 665 2162 tanturn,
680 2096 704 2137 et
715 2104 840 2151 nunquam
851 2089 961 2152 perlege·

80 2152 189 2203 bantur.
206 2153 311 2201 eundem
327 2152 478 2200 admodum
495 2152 537 2200 alii
553 2152 627 2200 etiarn
645 2153 727 2201 Sacrae
749 2152 880 2215 Scripturae
903 2152 960 2200 libri

82 2216 254 2265 tractabantur.
291 2217 419 2274 Praeterea,
434 2215 490 2264 licet
502 2216 593 2264 Beatus
605 2217 694 2265 Paulus
705 2233 735 2264 ea
745 2216 829 2279 lingua
839 2217 923 2264 omnia
934 2217 960 2264 in

80 2281 188 2328 ecclesiis
199 2296 282 2329 coram
293 2280 385 2345 populo
393 2296 477 2344 peragi
470 2280 599 2339 'voluerit,
611 2296 685 2344 quarn
697 2280 831 2342 intelligere
841 2281 958 2344 potuerit,

80 2350 104 2392 et
127 2345 250 2393 audiendo
274 2345 422 2409 profecerit,
415 2344 521 2392 ·multis
538 2351 620 2393 tamen
645 2345 736 2393 abhinc
751 2344 821 2392 annis
844 2344 960 2393 Officium

81 2408 223 2456 Divinum
217 2424 242 2456 ιιι
258 2409 305 2457 h'ac
322 2409 434 2457 Ecclesia
449 2407 590 2470 Anglicana
604 2408 734 2471 publice
728 2425 753 2456 ιιι
770 2408 854 2470 lingua
870 2408 962 2457 Latina

79 2473 234 2532 recitabatur,
249 2488 322 2536 quam
340 2472 446 2548 populus
462 2472 577 2535 ignorat.
593 2488 650 2536 quo,
670 2473 730 2520 dum
746 2473 844 2521 auribus
862 2480 959 2521 tantum

80 2536 204 2595 audiebat,
218 2538 299 2595 corde,
319 2537 413 2600 spiritu,
427 2551 457 2584 ac
472 2545 556 2585 mente
572 2536 760 2585 aedificationem
777 2537 889 2600 capiebat
906 2537 960 2585 nul-

80 2599 137 2648 lam.
175 2600 259 2660 Porro,
280 2601 399 2649 Psalterio
415 2616 431 2648 a
451 2601 564 2648 Patribus
581 2600 725 2649 veteribus
718 2616 743 2648 ιιι
760 2608 854 2663 septem
878 2609 960 2664 partes

80 2665 167 2723 diviso,
182 2680 283 2728 quarum
295 2679 459 2739 unaquaeque
459 2665 602 2712 Nocturnus
617 2664 816 2723 ιιοιιιιιιιιιιιιιιι,Ι
807 2681 859 2727 Jarn
871 2680 958 2727 nuper

81 2728 233 2776 Psalmorum
245 2728 367 2792 plerisque
378 2728 481 2786 omissis,
496 2728 568 2790 pauci
584 2728 685 2790 singulis
696 2729 745 2777 sere
761 2729 847 2777 diebus
864 2736 960 2792 repete·

79 2793 174 2842 bantur.
211 2793 370 2842 Accedebant
379 2792 525 2855 regularum,
537 2807 597 2855 quas
608 2793 692 2840 Picam
702 2799 798 2851 vocant,
810 2800 833 2841 et
845 2809 960 2842 numerus

80 2863 104 2904 et
116 2856 253 2915 difficultas,
268 2858 376 2906 etvariae
392 2857 418 2905 in
429 2856 510 2904 officio
525 2857 681 2915 mutationes,
695 2856 771 2905 immo
788 2857 813 2904 in
824 2857 911 2905 libro
904 2873 959 2933 ipso

81 2920 228 2968 revolvendo
240 2929 290 2969 tam
302 2922 431 2984 perplexus
447 2920 516 2978 ordo,
529 2927 557 2968 ut
573 2935 639 2984 saepe
654 2921 729 2985 paulo
745 2921 825 2969 minor
842 2936 917 2984 opera
933 2921 958 2970 in

79 2984 223 3046 requirendo
235 2993 372 3048 poneretur,
387 2999 461 3048 quam
473 2999 529 3031 cum
540 2984 666 3033 inventum
678 2985 755 3034 esset'
748 3001 774 3034 ιιι
786 2985 897 3048 legendo.

111 3049 208 3110 Quibus
219 3049 382 3097 incommodis
393 3047 596 3107 animadversis,'
587 3063 639 3110 Jarn
650 3048 771 3111 ejusmodi
781 3049 863 3112 prodit
875 3048 955 3106 Ordo,

77 3127 206 3187 perquem
217 3113 374 3177 conigantur.
411 3112 444 3160 Et
455 3118 483 3159 ut
493 3111 576 3160 omnia
587 3113 635 3160 sint
652 3113 677 3161 in
693 3121 817 3178 promptu,
831 3112 957 3178 praefixum

130 3174 177 3223 xri
