2092 3450
314 185 447 244 hemiolia
463 185 489 242 ii.
507 189 565 253 rust
581 182 760 253 Epiphaniam.

109 355 155 401 bus
174 352 283 402 Herodis
300 351 372 415 regis,
394 367 450 400 ecce
467 351 534 414 magi
564 350 664 400 mittens
690 351 746 400 illos
775 351 802 400 in
833 352 986 412 Bethlehem,

109 417 142 465 ab
161 418 255 466 oriente
273 422 392 465 venerunt
412 415 534 480 Jerosoly·
564 415 643 464 dixit:
663 415 710 474 Ite,
729 421 754 464 et
766 416 918 480 ¹interrogate
933 418 989 466 dili·

110 497 184 541 mam,
206 481 332 529 dicentes:
361 479 413 530 Ubi
435 479 535 543 estqui
564 487 650 542 genter
668 479 701 528 de
716 495 812 543 puero:
837 488 935 530 etcum
952 481 989 530 in·

109 554 181 594 natus
214 552 251 593 est
287 544 342 593 Rex
372 543 536 608 Judaeorum?
565 544 687 603 veneritis,
711 545 852 593 renunciate
872 545 940 604 mihi,
962 552 990 594 ut

110 610 215 658 vidimus
233 607 300 656 enim
319 607 416 656 stellam
434 607 486 671 ejus
508 608 535 656 in
565 614 590 656 et
609 624 656 671 ego
677 608 777 657 veniens
799 609 900 657 adorem
922 625 986 657 euml

110 673 210 731 oriente,
240 679 265 720 et
291 672 403 721 venimus
432 673 535 721 adorare
565 672 615 734 Qui
626 688 682 721 cum
693 672 817 721 audissent
833 688 924 735 regem,
939 674 991 721 abi·

110 753 173 786 euna
203 735 315 785 Audiens
326 744 408 784 autem
420 735 535 785 Herodes
565 743 652 785 erunt:
680 743 704 785 et
726 751 783 785 ecce
809 737 887 796 stella,
914 753 990 801 quam

110 817 159 860 rex,
189 800 300 848 turbatus
327 807 371 860 est,
402 806 426 849 et
455 800 535 848 omnis
565 799 677 848 viderant
692 802 720 848 in
739 801 839 858 oriente,
862 801 989 850 antecede·

109 864 262 929 Jerosolyma
278 864 399 913 cumillo:
433 864 466 912 Et
478 879 535 912 con·
565 864 608 913 bat
630 879 681 923 eos,
705 879 782 928 usque
809 864 869 912 dum
890 865 991 914 veniens

109 934 213 991 gregans
224 944 309 978 omnes
321 928 443 992 principes
458 943 536 977 sacer·
566 935 641 977 staret
668 943 741 992 supra
767 928 811 977 ubi
841 935 893 977 erat
920 944 987 992 puer.

110 994 203 1052 dotum,
223 999 248 1041 et
264 993 355 1040 scribas
371 992 465 1056 populi,
479 991 536 1041 seis-
566 992 686 1040 Videntes
702 998 784 1040 autem
800 992 897 1041 stellam
913 993 992 1056 gavisi

111 1057 232 1105 citabatur
252 1056 285 1104 ab
307 1058 343 1104 eis
361 1056 405 1104 ubi
424 1055 536 1104 Christus
566 1062 622 1104 sunt
633 1056 724 1120 gaudio
740 1071 831 1119 magno
842 1057 921 1105 valde.
958 1057 992 1105 Et

110 1128 255 1169 nasceretur.
299 1120 336 1168 At
362 1120 399 1168 illi
423 1121 536 1169 dixerunt
566 1121 685 1171 intrantes
711 1119 821 1179 domum,
846 1120 993 1169 invenenmt

111 1185 150 1232 ei:
175 1185 205 1232 ln
224 1184 370 1233 Bethlehem
387 1184 478 1248 Judae:
501 1184 537 1233 sic
567 1181 670 1248 puerum
705 1199 762 1233 cum
797 1184 879 1232 Maria
913 1192 992 1233 matre

112 1249 178 1297 enim
199 1249 318 1312 seriptum
345 1254 381 1296 est
408 1263 454 1311 per
479 1263 536 1311 pro·
567 1248 627 1311 ejus,
651 1255 677 1296 et
697 1247 853 1312 procidentes
875 1248 991 1297 adorave-

112 1313 229 1376 phetam:
262 1313 296 1360 Et
323 1318 351 1360 tu
381 1311 533 1372 Bethlehem,
567 1318 623 1360 runt
634 1328 709 1361 eum:
726 1319 750 1365 et
767 1315 857 1375 apertis
873 1312 992 1360 thesauris

111 1385 175 1424 terra
184 1376 256 1440 Juda‚
268 1390 423 1440 nequaquam
434 1376 537 1424 minima
566 1376 616 1425 suis
632 1376 773 1425 obtulerunt
789 1377 812 1424 ei
826 1391 935 1436 munera,
950 1392 988 1424 au·

111 1456 137 1488 es
153 1441 180 1489 in
196 1440 348 1504 principibus
362 1439 446 1503 Juda:
465 1456 496 1488 ex
512 1447 537 1489 te
566 1456 629 1499 rum,
653 1440 718 1500 thus,
743 1448 768 1488 et
787 1440 918 1502 myrrham
958 1440 991 1488 Et

112 1505 178 1553 enini
189 1505 253 1567 exiet
266 1505 333 1564 Dux,
349 1503 392 1567 qui
407 1510 477 1568 regat
492 1519 536 1567 po·
566 1519 684 1580 responso
695 1519 724 1552 ac
740 1510 798 1567 epto
810 1505 836 1552 in
852 1503 945 1553 somnis
960 1519 993 1552 ne

111 1568 198 1632 pulum
225 1583 310 1616 meum
336 1567 420 1616 Isra'e‘l.
465 1567 536 1617 Tunc
566 1568 712 1617 redirentad
750 1567 993 1632 erodem,peraliam

113 1633 227 1681 Herodes
254 1632 318 1680 clam
344 1631 436 1680 voeatis
457 1635 537 1695 magis
567 1632 633 1681 viam
646 1633 736 1682 reversi
751 1637 809 1680 sunt
824 1632 851 1681 in
867 1632 993 1696 regionem

111 1697 242 1758 diligenter
252 1696 338 1744 didicit
351 1696 383 1744 ab
395 1696 429 1744 eis
440 1702 537 1760 tempus
567 1712 643 1746 suam

112 1762 196 1819 stellae,
222 1777 277 1825 quae
299 1760 413 1824 apparuit
435 1760 487 1809 eis:
512 1767 537 1809 et

297 1943 429 2001 hetthim
443 1944 535 2012 {Briau
551 1949 608 2016 post
623 1943 800 2014 firmianum.

265 2068 365 2124 dentis.
567 2087 648 2128 vestra
663 2078 770 2135 hostiam
782 2077 914 2135 viventem,
925 2092 993 2125 sanc·

181 2182 404 2248 OTAsquaesumus
420 2184 528 2233 Domine
568 2150 627 2218 ω’
647 2144 704 2192 De⁰
722 2143 868 2218 placentem’
888 2141 993 2190 satim·

405 2221 412 2244 '
529 2222 537 2260 ’.
568 2206 619 2257 bile
643 2208 788 2270 obsequium
809 2213 924 2254 vestrum.
961 2205 994 2253 Et

133 2312 138 2322 .
186 2248 539 2313 8ιὶΡΡῙῙΘΆΜΡΟΡΠῙῙωθῙθὸῒι
569 2271 646 2321 nolite
657 2270 803 2320 conformari
819 2270 877 2318 huic
892 2269 991 2328 saeculo,

114 2317 205 2374 pietate
227 2319 445 2388 prosequereput
468 2320 493 2362 et
510 2329 540 2362 ea
568 2336 611 2384 sed
639 2335 805 2384 refomamini
832 2334 858 2383 in
885 2333 994 2382 novitate

114 2392 169 2450 qua?
189 2376 285 2438 agenda
306 2385 363 2425 sunt
384 2377 492 2453 ,wdelmt’
514 2385 539 2426 et
568 2415 653 2448 sensus
663 2399 754 2448 vestri:
770 2407 797 2446 ut
814 2398 923 2461 probetis
938 2412 994 2461 quae
1034 2423 1037 2431 ·

114 2440 146 2487 ad
163 2439 289 2504 implenda
303 2457 358 2505 quae
369 2441 482 2500 viderint,
496 2447 540 2490 tua
568 2464 600 2512 sit
612 2459 726 2512 voluntas
737 2463 786 2511 Dei
797 2462 871 2519 bona,
885 2468 910 2510 et
920 2461 994 2510 bene,

112 2505 191 2566 gratia
207 2519 236 2552 ac
251 2504 341 2553 virtute
358 2505 535 2554 convalesoant.
569 2529 675 2591 placens,
686 2527 831 2591 etperfecta,
857 2525 922 2573 Dico
929 2525 994 2573 enim

114 2569 161 2616 Per
170 2569 255 2630 Jesum
267 2568 392 2617 Christum
404 2570 539 2618 Dominum

113 2641 230 2681 nostum
267 2634 354 2681 Amen·
569 2608 614 2656 per
623 2592 728 2654 gratiam
739 2606 794 2655 quae
804 2590 864 2638 data
874 2598 911 2638 est
922 2589 991 2647 mihi,

569 2657 684 2705 omnibus
706 2655 748 2718 qui
769 2661 826 2703 sunt
847 2654 911 2702 inter
931 2669 995 2701 vos:

301 2776 305 2787 ,
568 2736 620 2769 nou
635 2719 691 2784 plus
707 2734 792 2782 sapere
808 2733 883 2781 quam
898 2725 995 2780 oportet

254 2775 379 2843 Epistola.
569 2799 661 2848 sapere,
675 2784 719 2832 sed
733 2798 821 2858 sapere
834 2782 866 2856 ad
877 2781 995 2830 sobrieta-

213 2884 256 2932 Λᾶ
414 2897 435 2932 1·
568 2852 909 2960 tritissimis
925 2846 996 2958 tet

109 2970 321 3098 OBSECRO
338 2977 421 3041 itaque
431 2992 476 3025 vos
491 2976 538 3024 fra-
570 2977 636 3024 enim
657 2976 683 3023 in
710 2991 762 3025 uno
788 2990 890 3048 corpore
917 2973 996 3021 multa

214 3048 263 3089 tres
285 3056 329 3104 per
347 3041 539 3090 misericordiam
570 3039 996 3096 membrahabemus‚ommaautem

115 3103 170 3161 Dei,
206 3113 234 3152 ut
266 3105 401 3154 exhibeatis
436 3120 540 3168 corpora
570 3105 681 3153 membra
702 3119 753 3152 non
780 3102 886 3152 eundem
913 3108 996 3150 actum

186 3179 204 3213 2

169 3179 187 3223 4
