2092 3450
321 167 391 238 iirria
409 178 523 233 ,irrumat
540 176 595 229 nuta
611 161 727 238 {basibus

81 333 132 376 sua,
147 325 171 366 et
182 317 208 367 in
224 317 377 380 indulgentia
392 333 436 366 sua
452 319 505 381 ipse
535 317 753 368 sanctificationem
772 325 847 367 tuam.
889 318 962 368 Facti

81 383 184 430 redemit
204 397 255 441 eos,
277 389 301 430 et
323 383 430 446 portavit
452 398 501 441 eos,
535 399 618 431 sumus
632 384 701 447 quasi
716 383 743 431 in
760 383 889 447 principio,
904 399 960 431 cum

81 455 105 495 et
133 447 236 494 elevavit
264 461 306 494 eos
334 446 427 494 cunctis
453 447 503 494 die·
534 463 585 495 non
601 446 760 496 dominareris
777 447 862 506 nostri,
880 463 962 512 neque

80 511 127 558 bus
157 510 246 558 saeculi.
283 511 336 572 Ipsi
362 517 445 558 autem
472 511 504 558 ad
533 511 688 560 invocaretur
697 511 798 560 Nomen
809 518 878 560 tuum
888 526 962 576 super

80 574 232 622 iracundiam
253 581 454 637 provocaverunt,
480 581 504 623 et
533 591 586 625 nos.

81 637 218 687 afflixerunt
262 636 382 701 Spiritum
426 639 503 686 sancti

80 703 150 764 ejus:
176 708 200 750 et
219 716 349 750 conversus
369 708 404 750 est
423 705 458 750 eis
478 703 504 750 in
666 717 839 785 mundium·

80 766 214 824 inimicum,
239 772 264 814 et
290 766 344 829 ipse
370 767 505 814 debellavit
750 808 755 818 .
786 807 792 818 .

81 846 129 878 eos.
173 830 206 878 Et
228 831 367 878 recordatus
395 837 431 878 est
453 831 503 878 die·
636 807 661 857 S·
678 808 818 858 Mamm
835 819 855 857 ¹·

82 910 135 941 rum
157 893 239 942 saeculi
262 893 351 955 Moysi,
374 901 399 942 et
418 895 504 958 populi
601 895 674 943 RAT
702 901 785 943 autem
813 894 910 943 Pascha
936 901 961 942 et

80 959 134 1006 sui:
156 958 207 1007 Ubi
218 965 254 1006 est
265 958 308 1021 qui
325 958 408 1006 eduxit
420 974 461 1007 eos
473 959 505 1007 de
578 997 600 1019 A
631 975 717 1021 azyma
728 966 785 1021 post
795 959 920 1007 biduum:
936 966 962 1006 et

81 1023 142 1069 mari
171 1037 226 1070 cum
258 1023 396 1085 pastoribus
423 1023 504 1086 gregis
535 1022 677 1087 quaerebant
688 1024 777 1072 summi
788 1023 928 1072 sacerdotes
937 1030 962 1071 et

81 1087 137 1134 sui?
166 1086 208 1134 ubi
237 1094 273 1134 est
299 1087 342 1149 qui
369 1087 451 1150 posuit
477 1087 504 1135 in
535 1087 961 1151 scribaequomodoeumdolotene·

80 1151 163 1198 medio
191 1149 242 1212 ejus
275 1150 394 1213 Spiritum
426 1151 504 1199 sancti
534 1158 596 1209 rent,
610 1159 634 1199 et
652 1151 798 1200 occiderent.
817 1165 820 1169 ’
836 1151 962 1200 Dicebant

81 1215 137 1262 sui?
161 1214 204 1277 qui
224 1214 307 1263 eduxit
326 1215 358 1262 ad
378 1215 504 1264 dexteram
535 1223 636 1264 autem:
658 1215 719 1263 Non
737 1215 765 1263 in
781 1215 823 1264 die
838 1214 909 1274 sesto,
928 1229 962 1263 ne

82 1280 186 1341 Moysen
194 1278 296 1327 brachio
303 1279 437 1341 majestatis
443 1295 501 1337 suae,
535 1280 597 1328 sorte
608 1279 727 1328 tumultus
738 1277 807 1328 fieret
816 1279 843 1327 in
854 1278 956 1342 populo.

81 1344 123 1406 qui
143 1343 214 1391 scidit
234 1358 310 1406 aquas
328 1350 386 1391 ante
405 1359 455 1401 eos,
477 1351 504 1391 ut
536 1344 568 1392 Et
577 1359 633 1392 cnm
641 1350 704 1392 esset
714 1343 841 1392 Bethaniae
849 1343 875 1391 in
884 1343 962 1392 domo

80 1408 170 1454 faceret
192 1407 239 1454 sibi
257 1407 357 1456 Nomen
378 1408 504 1471 sempiter·
536 1408 644 1457 Simonis
654 1407 753 1470 leprosi,
764 1413 789 1455 et
798 1407 958 1466 recumberet,

80 1487 160 1519 num:
177 1471 219 1534 qui
231 1471 314 1519 eduxit
326 1487 368 1520 eos
378 1487 423 1534 per
433 1472 505 1533 abys-
534 1475 602 1521 venit
628 1472 717 1520 mulier
744 1471 838 1519 habens
865 1471 961 1519 alabas-

80 1551 127 1594 sos,
138 1535 207 1598 quasi
216 1550 306 1598 equum
315 1536 342 1583 in
350 1535 445 1584 deserto
454 1551 505 1584 non
535 1543 600 1584 trum
629 1535 748 1599 unguenti
775 1535 847 1582 nardi
873 1535 962 1598 spicati

80 1600 264 1662 impingentem.
295 1599 371 1660 Quasi
379 1600 470 1647 animal
479 1600 505 1647 in
535 1600 643 1664 pretiosi,
673 1606 697 1648 et
722 1599 800 1648 fracto
825 1598 957 1658 alabastro,

81 1680 170 1727 campo
204 1664 361 1721 descendens,
399 1663 505 1726 Spiritus
535 1665 620 1712 effudit
628 1679 701 1727 super
709 1670 783 1727 caput
792 1663 850 1725 ejus.
883 1662 961 1711 Erant

82 1728 185 1776 Domini
205 1728 292 1776 ductor
311 1728 363 1790 ejus
382 1727 446 1775 fuit:
471 1728 505 1776 sic
535 1736 617 1777 autem
628 1729 729 1792 quidam
744 1728 846 1791 indigne
857 1727 961 1776 ferentes

81 1792 204 1840 adduxisti
234 1792 335 1855 opulum
344 1801 421 1851 tuum,
433 1800 460 1840 ut
471 1792 504 1839 fa·
535 1794 599 1840 intra
617 1793 769 1855 semetipsos,
789 1799 814 1840 et
833 1792 961 1840 dicentes:

81 1872 146 1904 ceres
157 1857 203 1904 tibi
242 1872 316 1904 omen
331 1856 422 1918 gloriae.
459 1857 505 1904 At·
537 1857 573 1906 Ut
584 1857 643 1920 quid
660 1857 766 1920 perditio
779 1857 826 1904 ista
842 1855 961 1919 unguenti

82 1922 155 1968 tende
167 1920 198 1967 de
210 1921 281 1978 coelo,
293 1927 317 1968 et
328 1921 385 1968 vide
393 1920 424 1968 de
435 1920 504 1968 habi·
535 1921 600 1970 sacta
619 1923 675 1969 esti
708 1921 808 1968 Poterat
828 1921 895 1968 enim
917 1936 960 1968 un·

81 1985 163 2032 taculo
186 1993 271 2032 sancto
299 1992 349 2042 tuo,
374 1992 399 2032 et
420 1985 505 2047 gloria
535 1992 653 2048 guentnm
669 1985 734 2033 istud
745 1985 889 2032 vaenundati
906 1983 961 2047 plus

81 2056 148 2096 tuae:
175 2049 219 2096 ubi
242 2056 278 2096 est
300 2049 365 2096 zelus
392 2056 455 2106 tuus,
481 2055 505 2096 et
535 2065 610 2113 quam
622 2049 735 2097 trecentis
747 2049 860 2106 denariis,
873 2056 897 2096 et
909 2048 961 2096 dari

82 2112 199 2160 fortitudo
216 2119 265 2170 tua,
282 2112 414 2161 multitudo
430 2113 505 2160 visce·
536 2113 690 2177 pauperibus.
732 2113 765 2160 Et
781 2112 919 2160 fremebant
936 2113 961 2160 in

82 2193 135 2224 rum
156 2183 260 2234 tuorum,
281 2184 305 2224 et
321 2177 504 2224 miserationum
536 2194 597 2226 eam.
622 2178 693 2240 Jesus
701 2185 784 2225 autem
793 2177 869 2225 dixit:
882 2176 961 2226 Sinite

81 2242 197 2288 tuarum?
224 2256 297 2303 super
318 2256 358 2288 me
381 2241 505 2289 continue·
536 2258 598 2299 eam,
623 2241 683 2305 quid
705 2241 742 2289 illi
763 2241 861 2289 molesti
883 2241 961 2289 estis?

55 2324 57 2331 ·
82 2312 137 2352 runt
152 2320 184 2352 se.
218 2305 261 2352 ¹Tu
279 2305 344 2352 enim
362 2305 434 2352 Pater
449 2320 505 2352 nos·
535 2307 633 2354 Bonum
644 2321 706 2368 opus
715 2313 815 2369 operata
824 2312 860 2353 est
869 2305 895 2352 in
907 2319 961 2353 me:

82 2377 125 2426 ter,
145 2376 169 2416 et
186 2368 314 2416 Abraham
331 2369 433 2417 nescivit
449 2385 502 2427 nos,
536 2386 632 2433 semper
645 2370 711 2418 enim
728 2382 848 2433 pauperes
864 2369 961 2416 habetis

82 2441 105 2481 et
128 2433 205 2481 lsrael
223 2433 344 2495 ignoravit
363 2449 427 2481 nos:
455 2433 503 2490 Tu,
535 2435 681 2482 vobiscum:
705 2441 729 2482 et
749 2449 805 2482 cum
824 2432 957 2489 volueritis,

83 2497 199 2554 Domine,
232 2497 305 2544 Pater
335 2504 425 2556 noster,
457 2497 505 2545 Re·
535 2499 637 2562 potestis
658 2498 707 2546 illis
731 2497 894 2546 benefacere:
921 2511 961 2544 me

83 2561 196 2624 demptor
215 2568 305 2618 noster,
319 2562 435 2609 asaeculo
452 2561 505 2609 No·
536 2570 618 2610 autem
645 2578 695 2610 non
726 2577 823 2625 semper
854 2561 956 2609 habetis

82 2641 138 2672 men
155 2632 231 2673 tuum.
269 2625 352 2687 Quare
365 2641 445 2673 errare
461 2641 506 2674 nos
537 2627 611 2688 Quod
628 2627 714 2674 habuit
730 2626 791 2684 haec,
805 2625 883 2674 fecit:
899 2640 960 2688 prae·

83 2689 167 2747 fecisti,
191 2689 307 2747 Domine,
327 2690 421 2737 deviis
440 2691 506 2737 tuis:
536 2691 603 2739 venit
619 2707 711 2752 ungere
728 2705 816 2753 corpus
835 2705 919 2738 meum
935 2689 960 2737 in

82 2754 199 2801 indurasti
211 2770 254 2801 cor
264 2762 373 2801 nostrum
390 2769 422 2801 ne
437 2754 506 2801 time·
535 2754 692 2818 sepulturam.
718 2756 801 2802 Amen
810 2753 867 2802 dico
875 2754 960 2802 vobis:

82 2833 162 2865 remus
180 2820 224 2866 te?
247 2825 387 2866 convertere
406 2825 507 2881 propter
537 2819 693 2882 Ubicumque
712 2819 873 2880 praedicatum
889 2817 962 2865 fuerit

83 2897 164 2929 servos
181 2891 243 2939 tuos,
263 2882 340 2929 tribus
357 2882 506 2930 haereditatis
537 2882 689 2945 evangelium
711 2882 777 2930 istud
799 2883 825 2929 in
847 2882 961 2930 universo
982 2925 987 2937 ,

82 2953 137 2992 tuae.
175 2946 252 3006 Quasi
269 2946 372 2993 nihilum
392 2946 506 3008 possede-
536 2947 636 3004 mundo,
651 2954 675 2994 et
686 2946 754 3010 quod
768 2946 826 2995 fecit
841 2946 897 2994 haec
908 2961 962 2993 nar·

83 3016 138 3055 runt
155 3009 275 3072 populum
289 3016 400 3058 sanctum
417 3018 507 3058 tuum:
536 3011 629 3059 rabitur
638 3011 665 3058 in
676 3011 821 3059 memoriam
832 3010 891 3073 ejus.
929 3010 962 3058 Et

83 3073 166 3181 hostebs
197 3073 274 3122 nostri
303 3074 506 3123 conculcaverunt
535 3075 612 3137 Judas
630 3075 759 3124 Iscariotes
776 3090 838 3122 unus
855 3075 888 3123 de
901 3074 961 3123 duo·

160 3148 178 3184 2
