2092 3450
322 128 454 187 diminica
472 131 587 187 Strenua
605 133 662 196 urst
679 129 791 197 itastis

122 300 208 350 sedin
226 315 290 366 aqua
307 305 332 349 et
351 300 475 364 sanguiue
513 299 547 348 Et
578 297 677 358 Filium,
694 297 770 348 habet
787 297 879 348 vitam:
895 298 940 364 qui
955 314 1005 349 nou

122 365 229 429 Spiritus
262 371 299 414 est
326 364 369 428 qui
393 363 543 423 testificatur,
578 363 654 412 habet
666 361 765 424 Filium,
774 362 1002 414 vitamuonhabet

139 430 240 478 uoniam
260 428 371 478 Christus
390 435 428 477 est
446 428 543 477 veritas.

122 445 248 556 {uoniam
269 499 318 542 tres
336 498 393 541 sunt
415 492 458 556 qui
479 492 546 540 testi·
699 480 872 548 fidansstiittttt.

121 558 233 606 monium
248 557 308 604 dant
324 555 351 605 in
367 556 446 606 coelo:
463 556 544 615 Pater,

122 621 240 680 Verbum,
260 627 285 669 et
303 621 409 684 Spiritus
427 621 546 670 Sanctus:
668 595 694 645 S·
712 595 786 660 J⁰a¹¹·
805 611 845 645 ¹¹·
868 607 906 658 ¹9·

122 691 146 734 et
157 686 183 733 hi
195 692 243 733 tres
254 700 331 733 unum
347 691 411 734 sunt,
448 685 481 732 Et
498 691 547 733 tres
638 683 693 734 UM
716 698 775 747 ergo
801 699 856 733 sero
878 690 943 734 esset
965 684 1005 734 die

121 755 178 798 sunt
197 749 239 813 qui
256 749 423 798 testimonium
444 749 505 797 dant
520 749 547 797 in
669 748 720 807 illo,
735 748 964 808 unasabbatomm,
980 755 1005 798 et
1037 784 1045 807 ,

120 821 199 861 terra:
227 813 341 877 Spiritus,
371 819 395 862 et
420 827 492 876 aqua,
523 819 548 862 et
577 811 642 861 iores
661 819 742 861 essent
760 812 856 871 clausae,
876 812 920 861 ubi
936 819 1005 862 erant

120 877 233 940 sanguis:
250 883 275 926 et
285 877 312 925 hi
322 884 371 926 tres
387 892 464 925 unum
480 884 544 926 sunt
578 876 692 940 discipuli
726 876 868 939 congregati
905 886 1005 941 propter

121 940 149 990 Si
168 941 336 990 testimonium
357 941 486 990 hominum
508 956 547 990 ac·
578 947 672 989 metum
692 940 852 1004 Judaeorum3
876 941 946 990 venit
964 941 1004 1004 Je-

120 1005 232 1069 cipimus,
247 1005 414 1054 testimonium
431 1006 480 1054 Dei
496 1021 548 1054 ma·
578 1020 626 1063 sus,
640 1011 665 1053 et
676 1005 743 1054 stetit
758 1004 784 1052 in
794 1004 886 1064 medio,
900 1011 926 1054 et
941 1004 1004 1054 dixit

117 1069 158 1132 jus
170 1076 220 1118 est:
236 1070 353 1134 quoniam
369 1069 418 1118 hoc
428 1077 465 1118 est
481 1070 547 1118 testi·
579 1069 629 1117 eis:
652 1069 705 1117 Pax
723 1068 802 1118 vobis.
838 1069 872 1117 Et
889 1083 947 1118 cum
956 1068 1004 1118 hoc
1045 1072 1046 1088 ¹

122 1136 234 1184 monium
246 1136 301 1190 Dei,
315 1134 391 1246 [εὲιοὰ
400 1133 480 1196 majus
490 1136 546 1196 est,]
579 1133 686 1192 dixisset,
701 1133 808 1182 ostendit
825 1132 859 1181 eis
871 1148 964 1182 manus
981 1139 1003 1182 et

141 1200 241 1247 uoniam
273 1199 329 1248 testi
349 1204 417 1247 catus
450 1205 487 1246 est
516 1199 548 1247 de
579 1196 649 1245 latus.
686 1196 772 1246 Gavisi
788 1203 845 1245 sunt
856 1211 916 1260 ergo
932 1197 1002 1246 disci·

120 1215 186 1308 into
203 1275 254 1308 suo.
296 1258 347 1321 Qui
363 1259 440 1309 credit
462 1259 488 1308 in
505 1260 546 1309 Fi·
577 1259 637 1323 puli,
648 1259 702 1309 viso
713 1260 830 1309 Domino.
867 1260 939 1309 Dixit
947 1276 1003 1324 ergo

119 1323 181 1371 lium
203 1323 259 1383 Dei,
281 1323 356 1373 habet
378 1323 546 1380 testimonium
578 1324 613 1373 eis
629 1324 732 1373 iterum:
750 1325 803 1373 Pax
819 1324 898 1374 vobis
936 1325 1003 1375 Sicut

121 1387 169 1435 Dei
192 1387 218 1435 in
237 1402 270 1436 se.
319 1387 370 1450 Qui
394 1403 446 1436 non
468 1388 545 1437 credit
577 1387 644 1436 misit
661 1404 702 1437 me
722 1389 802 1449 Pater,
822 1395 847 1438 et
869 1403 916 1452 ego
932 1389 1002 1438 mitto

121 1451 193 1511 Filio,
223 1452 368 1500 mendacem
394 1452 453 1501 facit
477 1467 541 1513 eum,
575 1468 627 1501 vos.
664 1452 796 1501 Haeccum
807 1452 915 1513 dixisset,
929 1452 1003 1502 insuf-

118 1516 326 1579 quianoncredit
340 1515 545 1565 intestimonium
576 1515 652 1576 flavit,
678 1523 703 1565 et
724 1517 786 1565 dixit
808 1517 858 1566 eis:
889 1517 1002 1582 Accipite

119 1580 187 1642 quod
206 1579 349 1628 testificatus
371 1587 407 1629 est
427 1579 496 1628 Deus
512 1581 545 1629 de
577 1580 697 1644 Spiritum
733 1581 867 1630 Sanctum:
899 1596 1001 1645 quorum

120 1643 185 1693 Filio
197 1659 248 1693 suo.
285 1645 318 1692 Et
330 1645 378 1692 hoc
389 1650 425 1693 est
436 1644 544 1693 testimo·
576 1644 717 1693 remiseritis
738 1651 848 1708 peccata,
875 1646 1001 1694 remittun-

119 1707 196 1766 nium,
211 1707 328 1772 quoniam
339 1709 416 1756 vitam
427 1715 545 1757 aeternam
578 1709 676 1757 tureis:
693 1715 718 1757 et
729 1724 834 1773 quorum
844 1710 999 1769 retinueritis,
1039 1738 1042 1771 ᾗ

118 1772 188 1820 dedit
196 1773 268 1821 nobis
280 1773 355 1822 Deus.
393 1771 486 1821 Ethaec
494 1773 545 1820 vita
576 1779 741 1822 retentasunt

119 1836 145 1884 in
165 1836 231 1886 Filio
250 1836 302 1900 ejus
320 1843 362 1886 est.
400 1836 451 1898 Qui
469 1836 545 1886 habet

328 2007 459 2064 diminica
475 2007 590 2064 Struma
607 2012 664 2078 pust
680 2008 789 2078 iistis

279 2108 377 2164 eratin.
724 2127 847 2192 sustin.

117 2200 546 2322 Onnrmruuspeus‚qn
684 2231 735 2281 1s.
751 2231 804 2280 ret.
818 2230 844 2280 r.
861 2243 898 2294 19.

207 2282 375 2331 dedistinobrs
381 2283 546 2331 Filiumtuum

118 2345 226 2405 unicum,
248 2352 275 2394 ut
297 2353 360 2395 esset
377 2346 449 2395 nobis
466 2353 491 2395 et
507 2362 545 2395 sa·
579 2345 640 2469 H
652 2345 709 2394 AEC
722 2351 758 2393 est
768 2343 855 2420 gratia,
870 2344 1000 2420 sipropter

118 2409 236 2457 crificium
257 2426 303 2473 pro
325 2419 435 2474 peccato,
457 2417 482 2458 et
504 2427 544 2459 ex·
685 2409 733 2458 Dei
753 2415 930 2458 conscientiam
951 2424 999 2458 sus·

119 2473 213 2537 emplar
229 2474 328 2537 pietatis
335 2492 343 2535 3
367 2476 408 2522 Da
429 2475 501 2523 nobis
517 2483 545 2523 ut
576 2472 638 2522 tinet
669 2473 725 2538 quis
757 2473 875 2533 tristitias,
905 2474 999 2538 patiens

118 2538 193 2600 gratis
208 2539 332 2587 mentibus
348 2538 397 2588 hoc
412 2539 543 2588 iuaestima-
575 2537 670 2600 injuste
708 2537 771 2600 Quae
787 2538 854 2586 enim
865 2544 902 2586 est
912 2536 997 2601 gloria,

116 2602 167 2650 bile
193 2601 342 2651 beneficium
370 2603 421 2666 ejus
448 2618 545 2666 semper
575 2602 596 2650 si
628 2609 766 2665 peccantes,
801 2609 826 2650 et
854 2601 999 2665 colaphizati

117 2681 285 2728 agnoscamus,
308 2675 332 2716 et
349 2667 423 2715 beata
441 2667 545 2730 vestigia
574 2665 698 2714 suffertis?
741 2665 792 2715 Sed
813 2665 834 2714 si
856 2666 921 2714 bene
943 2665 998 2714 saci

116 2731 174 2780 vitae
196 2731 270 2794 ipsius
298 2731 456 2780 sanctissimae
500 2746 543 2779 uo·
574 2737 643 2778 entes
658 2730 781 2794 patienter
795 2729 928 2788 sustinetis,
947 2730 999 2778 haec

117 2795 177 2843 tidie
204 2795 273 2859 sequi
301 2795 448 2844 studeamus.
482 2746 544 2844 qur
574 2801 610 2842 est
620 2795 699 2857 gratia
710 2795 777 2858 apud
788 2793 878 2843 Deum.
915 2794 999 2843 Inhoc

117 2859 222 2907 eundem
242 2860 328 2923 Jesum
349 2859 474 2908 Christum
491 2859 543 2909 Do·
574 2861 639 2906 enim
665 2858 747 2907 vocati
774 2858 851 2907 estis:
885 2857 944 2923 quia
976 2865 999 2907 et

117 2923 211 2971 minum
222 2930 340 2972 nostrum.
376 2925 463 2972 Amen.
575 2922 686 2971 Christus
700 2938 786 2986 passus
802 2928 839 2971 est
854 2938 900 2986 pro
918 2922 996 2982 nobis,

573 2987 644 3035 vobis
659 2987 799 3051 relinquens
815 2986 957 3051 exemplum
972 2994 997 3034 ut
1017 3033 1022 3044 ,

179 3113 196 3163 8
573 3051 709 3115 sequamini
730 3051 833 3114 vestigia
860 3051 931 3115 ejusz
958 3049 998 3116 qni

196 3128 211 3162 2
