2040 3458
57 97 74 145 ⁸
147 141 152 148 ’
202 163 237 218 an
253 163 304 220 aa
321 165 379 223 ss.
399 167 513 236 natitant
531 174 552 226 a
570 166 667 227 aaran

46 325 122 385 iites3
138 325 183 390 qui
194 329 278 374 manet
294 324 320 373 in
331 340 379 383 me,
393 331 419 374 et
450 332 478 375 ut
488 325 594 374 fructum
611 324 744 389 plurimum
761 325 875 384 afferatis,
895 349 898 360 ·

56 390 83 438 in
106 405 146 448 eo,
172 389 214 438 hic
239 389 286 438 fert
312 389 418 438 fructum
451 397 476 438 et
503 390 643 439 efficiamini
671 390 720 438 mei
753 390 875 453 discipuli.

46 470 112 502 um:
135 454 196 519 quia
217 454 271 503 sine
293 469 335 503 me
356 454 419 502 nihil
452 455 522 504 Sicut
533 455 619 504 dilexit
635 470 676 503 me
691 455 770 513 Pater,
791 462 815 502 et
832 469 878 516 ego

46 519 91 568 stis
102 518 191 567 facere.
228 518 257 567 Si
273 517 364 582 quisin
379 533 420 567 me
452 519 527 568 dilexi
542 535 594 568 vos
643 518 745 567 Manete
760 519 786 566 in
802 518 878 566 dilec-

65 583 194 642 manserit‚
218 583 330 631 mittetur
354 581 420 631 foras
452 584 519 632 tione
536 599 599 632 mea„
638 583 666 632 Si
683 590 807 647 praecepta
822 597 879 630 mea

46 647 174 711 :palmes:
191 654 216 695 et
224 655 325 706 arescet,
336 647 418 696 etcol·
451 649 611 707 servaveritis,
635 648 766 696 manebitis
788 649 814 695 in
840 647 878 695 di·

46 719 150 769 iteum,
171 719 196 760 et
215 712 342 774 inignem
360 712 417 759 mit·
449 712 556 761 lectione
583 727 646 772 mea,
680 713 743 761 sicut
774 719 799 762 et
830 725 878 775 ego

46 812 49 831 ‚
68 783 95 824 et
111 776 189 824 ardet.
234 775 262 825 Si
279 776 417 824 manseritis
452 777 530 826 Patris
552 778 603 825 mei
625 785 750 840 praecepta
770 777 874 836 servavi,

46 856 80 899 re,
100 847 126 888 et
141 840 217 888 verba
232 855 290 888 mea
304 841 331 888 in
346 840 418 888 vobis
450 848 475 889 et
496 856 585 890 maneo
608 841 634 889 in
656 841 708 904 ejus
734 841 873 890 dilectione.

46 905 132 963 serint,
155 904 328 968 quodcumque
346 903 416 953 volu·
451 905 515 954 Haec
542 904 638 954 locutus
663 921 717 954 sum
745 906 823 964 vobis,
848 913 877 957 ut

46 969 164 1032 spetetis,
179 968 257 1017 ettiet
271 969 348 1017 vobis
386 969 417 1016 In
448 969 567 1032 gaudium
578 985 662 1018 meum
678 970 786 1018 invobis
798 971 837 1030 sit,
851 981 876 1023 et

49 1032 196 1081 clarificatus
208 1041 244 1082 est
253 1034 327 1082 Pater
336 1048 414 1092 meus,
448 1035 567 1098 gaudium
578 1041 686 1083 vestrum
702 1035 840 1098 impleatur.

144 1222 146 1229 ·
169 1192 427 1250 dubitandarum
441 1191 556 1262 titillari
566 1196 589 1250 rt
601 1191 697 1250 larabi.

152 1314 252 1370 wilfi·
449 1347 548 1396 cientes.
577 1346 605 1396 Si
614 1348 668 1411 quis
677 1354 759 1396 autern
767 1355 875 1397 vestrum

57 1421 306 1472 MNIPOTENS
339 1421 416 1480 Deus,
449 1412 543 1475 indiget
570 1412 697 1476 sapientia,
724 1413 830 1475 postulet
860 1428 875 1461 a

46 1443 53 1520 l
90 1502 164 1550 quem
175 1502 310 1535 verenosse
321 1495 358 1535 est
368 1487 420 1534 vita
450 1475 514 1534 Deo,
539 1476 581 1539 qui
603 1476 646 1525 dat
668 1477 782 1525 omnibus
806 1476 874 1526 afflu-

46 1566 100 1611 na;
117 1550 169 1599 Fac
180 1567 226 1600 nos
242 1551 350 1615 perfecte
361 1566 418 1613 cog.
449 1548 525 1615 enter,
548 1547 579 1615 et·
591 1557 642 1590 non
658 1541 828 1605 improperat:
849 1549 875 1616 et

46 1631 90 1664 :ere
118 1615 210 1663 Filium
237 1623 307 1663 tuum
331 1615 418 1678 Jesum
449 1605 587 1653 dabiturer.
625 1605 736 1653 Postulet
750 1615 832 1654 autem
848 1622 873 1654 rn

46 1683 116 1728 stum
128 1695 181 1728 esse
192 1680 266 1738 viam,
278 1679 414 1737 veritatem,
448 1668 506 1744 fideg
519 1669 585 1744 nihil·
597 1669 728 1744 ltae'sitans:
749 1671 791 1733 qui
804 1671 874 1745 'enim

46 1745 117 1793 ritam
129 1761 137 1803 ;
175 1752 203 1792 ut
237 1745 260 1791 A
281 1743 417 1792 ostolomm
447 1732 552 1793 haesrtat,
566 1734 652 1782 srmrhs
671 1741 707 1782 est
727 1733 810 1782 fluctur
822 1750 873 1783 ma·

46 1824 88 1857 um
106 1815 248 1856 sanctorum
262 1759 375 1872 ilhflippi
392 1815 417 1856 et
447 1798 488 1856 ris,
513 1799 556 1861 qui
578 1813 593 1846 a
613 1805 689 1846 vento
711 1807 822 1847 movetur
849 1807 874 1848 et

46 1873 75 1920 ¹bi
103 1873 207 1935 vestigia
229 1880 365 1936 sequentes,
391 1872 417 1920 in
447 1862 632 1936 circumferturj
658 1877 710 1910 uon
729 1878 787 1925 ergo
809 1864 872 1912 aesti·

46 1953 95 2000 luae
106 1937 175 1985 ducit
192 1937 224 1984 ad
235 1937 312 1985 vitam
326 1937 416 2000 sempi.
447 1933 499 2001 met
517 1926 594 2000 ¹lromo
615 1926 657 2000 ille
677 1927 744 1990 quod
769 1928 874 1991 accipiat

46 2017 83 2048 am
95 2007 236 2049 constanter
251 2001 412 2049 ambulemus,
447 1989 541 2053 aquurd
552 1991 692 2039 aDommo.
729 1991 775 2038 Vir
782 1991 873 2055 duplex

46 2065 149 2113 eundem
159 2066 295 2113 Dominum
305 2073 416 2114 nostrum
446 2055 538 2113 animo,
553 2055 693 2103 inconstans
710 2056 782 2103 estin
794 2056 872 2104 omni·

46 2145 72 2176 m
89 2129 223 2178 Christum,
258 2132 347 2178 Amen,
446 2119 493 2167 bus
503 2119 549 2167 viis
560 2119 617 2168 suis.
654 2119 872 2168 Glorieturautem

446 2183 520 2242 frater
546 2182 646 2231 humilis
670 2183 696 2232 in
724 2184 873 2233 exaltatione

138 2242 264 2310 Epistula.
446 2263 509 2296 sua:
526 2248 595 2322 dives
606 2256 687 2296 autem
700 2248 725 2296 in
734 2249 873 2298 humilitate

106 2345 257 2409 s-J1·
273 2359 293 2396 ι.
445 2313 872 2426 {sinuessanae

46 2434 174 2485 rCOBUS
191 2435 241 2485 Dei
262 2443 287 2484 et
308 2436 412 2485 Domini
444 2456 500 2488 curn
512 2441 607 2499 ardore,
621 2448 645 2489 et
656 2441 755 2490 arefecit
767 2442 868 2501 foenum,

46 2501 112 2548 rostri
127 2500 187 2563 Jesu
205 2501 298 2550 Christi
319 2517 410 2560 servus,
444 2512 469 2553 et
488 2505 534 2554 flos
554 2504 607 2568 ejus
627 2505 726 2564 decidit,
750 2513 775 2554 et
796 2506 871 2554 decor

46 2565 167 2613 luodecim
175 2565 286 2614 tribubus
294 2572 413 2630 quaesunt
443 2568 525 2618 vultus
552 2569 604 2633 ejus
631 2569 752 2633 deperiit:
786 2569 821 2617 ita
846 2577 871 2618 et

46 2629 302 2692 spersione,salutem.
330 2629 412 2679 Omne
443 2633 512 2682 dives
534 2632 559 2681 in
582 2633 709 2681 itineribus
732 2634 781 2681 suis
806 2649 870 2681 mar·

46 2694 103 2740 burn
142 2694 287 2753 existimate,
325 2694 412 2742 fratres
443 2705 528 2746 cescet.
569 2697 660 2746 Beatus
675 2698 713 2744 vir
729 2699 770 2760 qui
786 2697 870 2746 suffert

55 2772 113 2805 cum
130 2757 156 2805 in
172 2758 319 2807 tentationes
331 2758 411 2807 varias
442 2763 618 2811 tentationem:
631 2762 746 2824 quoniam
752 2776 869 2825 cumpro·

46 2822 137 2869 ieritis:
154 2822 258 2871 scientes
274 2823 342 2886 quod
354 2838 410 2886 pro·
441 2826 514 2875 batus
531 2826 611 2885 luerit,
631 2825 734 2887 accipiet
751 2840 868 2874 coronam

46 2903 52 2933 r
75 2885 134 2934 fidei
156 2894 243 2935 vestrae
266 2888 410 2950 patientiam
440 2891 506 2948 vitae,
523 2887 606 2954 quam
633 2889 772 2953 repromisit
799 2889 869 2940 Deus

46 2957 105 2998 atur.
128 2949 249 3002 Patientia
257 2959 339 2999 autem
348 2967 410 3015 opus
441 2954 599 3017 diligentibus
609 2969 643 3002 se.
795 2955 798 2959 ’

46 3021 119 3062 :ctum
136 3014 229 3063 habet:
245 3022 273 3063 ut
289 3016 342 3064 sitis
354 3031 409 3079 per-

60 3085 84 3127 et
101 3079 198 3142 integri,
220 3080 246 3128 in
264 3080 334 3128 nullo
349 3079 409 3128 defi·

47 3153 96 3202 1²7
