2092 3450
231 157 363 216 &statuite
380 159 531 218 buturum
548 168 605 229 unat
624 163 782 220 trinitatem.

62 311 165 359 orabat=
184 310 261 370 Deus,
274 311 365 375 gratias
381 327 428 376 ago
443 311 487 360 tibi
520 311 610 361 coelum
621 313 719 363 levare:
739 315 782 364 sed
793 317 943 380 percutiebat

62 374 122 439 quia
148 389 201 424 non
226 390 282 424 sum
312 375 375 426 sicut
407 377 488 425 caeteri
519 386 605 441 pectus
631 393 711 438 suum,
738 380 840 430 dicens:
865 382 943 442 Deus,

61 437 209 488 bominum:
246 444 364 504 raptores,
393 438 485 504 injusti,
520 441 641 552 ppopitius
661 450 713 493 esto
731 444 793 493 mihi
812 448 941 509 peccatori.

61 502 185 552 adulteri:
201 503 268 552 velut
276 503 351 553 etiam
366 503 408 553 hic
426 505 488 568 pub·
548 505 586 555 ico
596 506 675 567 vobis,
689 507 816 558 descendit
826 509 867 559 hic
875 510 945 573 justi·

61 567 164 616 licauus.
211 567 284 630 ejuno
291 568 331 617 bis
338 567 365 616 in
373 569 488 618 sabbato:
521 569 606 619 ficatus
617 570 643 619 in
654 570 757 620 domum
767 588 837 622 suam
848 575 879 623 ab
891 575 945 630 illo:

61 631 172 680 decimas
200 647 216 680 o
232 631 344 680 omnium
359 648 415 697 quae
430 648 488 697 pos·
521 633 579 696 quia
608 634 689 684 omnis
715 636 759 700 qui
785 653 812 686 se
843 639 942 698 exaltat,

61 695 138 745 sideo.
175 695 210 744 Et
228 695 400 758 publicanusa
415 696 489 759 longe
520 697 705 748 humiliabitur:
722 708 747 749 et
765 701 808 766 qui
824 717 850 752 se
865 703 945 752 humi·

61 767 138 820 stans,
159 759 261 809 nolebat
282 775 328 810 nec
352 760 437 810 oculos
456 761 489 809 ad
520 761 572 822 liat,
586 763 739 814 exaltabitur.

232 881 364 938 bruitico
378 881 527 939 buutrriuu
543 887 600 951 pust
617 884 773 943 briaitatnu.

227 971 327 1027 &tutin
523 994 624 1036 cuatur:
651 989 777 1052 quomodo
798 1005 849 1038 non
868 991 947 1052 magis

132 1071 346 1123 MNIPOTENS
362 1072 489 1136 ἐπρίω,
521 1052 668 1101 ministratio
703 1053 809 1117 Spiritus
840 1054 885 1104 erit
920 1055 947 1102 in

148 1137 254 1185 „cneus
287 1137 313 1185 ui
339 1152 393 1187 ,om
411 1138 490 1186 tior&
520 1115 619 1178 gloria?
662 1116 730 1165 Nam
757 1118 778 1166 si
799 1117 946 1167 ministratio

62 1215 161 1264 sempe,
176 1200 203 1249 in
218 1152 342 1250 augssndg
353 1153 429 1264 quapm
444 1189 490 1250 ως
521 1179 687 1255 damnationis
702 1181 783 1244 gloria
793 1189 844 1257 este
867 1183 946 1230 multo

62 1264 89 1312 in
105 1264 209 1323 orando,
230 1272 256 1314 et
271 1265 423 1314 abundantia
438 1266 489 1329 pie·
521 1259 600 1320 Q?
631 1245 747 1321 ,abludit
784 1247 946 1295 munstefium

62 1328 121 1377 tatis
138 1337 189 1378 ture
208 1335 233 1378 et
249 1329 337 1378 merita
351 1329 490 1394 supplicum
518 1315 619 1370 lustum
630 1325 656 1357 ¹¹¹
667 1309 752 1373 glm

62 1392 161 1441 excedis
172 1399 197 1442 et
207 1399 282 1453 vota3
299 1394 405 1443 Effunde
417 1409 491 1458 super

63 1471 110 1505 nos
131 1456 324 1506 misericordiam
351 1465 436 1518 tuam3
463 1465 491 1507 ut
641 1461 814 1531 ffihgnffih'mn,

62 1520 174 1570 dimittas
193 1536 249 1585 quae
271 1522 419 1571 conscientia
440 1538 490 1571 me·
733 1555 740 1567 .
769 1555 784 1567 ..

63 1585 118 1644 uu,
143 1592 169 1634 et
191 1585 292 1648 adjicias
318 1586 385 1650 quod
413 1587 492 1635 oratio
620 1555 646 1606 S·
661 1555 792 1605 Mfflll·
809 1567 847 1618 3¹·
893 1647 899 1658 .

63 1664 115 1696 non
133 1650 260 1713 prmsumit
279 1650 325 1698 nisi
342 1665 388 1714 per
404 1650 492 1699 merita
563 1647 652 1698 ESUS
681 1648 765 1697 exiens
792 1648 824 1697 de
857 1646 947 1696 finibus

64 1713 211 1762 Mediatoris
230 1714 307 1762 nostri
321 1715 381 1779 Jesu
399 1715 492 1764 Christi
595 1712 662 1776 Tyri,
681 1713 749 1761 venit
765 1727 810 1776 per
829 1711 948 1762 Sidonem

64 1777 123 1826 Filii
134 1777 171 1826 tui
182 1776 286 1827 Domini
296 1779 380 1828 nostri.
399 1781 488 1828 Amen.
557 1775 589 1824 ad
596 1792 663 1825 mare
668 1776 779 1826 Galilaeae
785 1776 948 1825 intermedios

522 1839 748 1904 finesDecapoleos
780 1841 814 1888 Et
822 1839 948 1889 adducunt

221 1888 345 1957 Epistula.
522 1905 545 1954 ei
556 1905 657 1954 surdum
668 1911 693 1953 et
703 1912 806 1963 mutum,
821 1912 845 1953 et
861 1904 947 1968 depre·
963 1955 965 1960 ,

166 2006 236 2054 2u
249 2005 305 2056 cor.
320 2007 391 2068 rur
522 1970 642 2082 uuirt
655 1969 948 2096 {rutilarunt

125 2094 288 2145 IDUCIAM
316 2096 391 2146 talem
417 2097 491 2146 habe·
522 2097 554 2145 de
565 2097 638 2145 turba
648 2112 765 2156 seorsum,
776 2097 841 2146 misit
857 2096 948 2159 digitos

113 2205 116 2208 .
156 2175 213 2208 mus
238 2175 283 2224 per
309 2161 435 2210 Christum
460 2161 492 2209 ad
523 2176 580 2210 suos
599 2161 626 2209 in
643 2162 763 2210 auriculas
783 2161 852 2225 ejus:
872 2170 948 2210 etex·

65 2224 167 2272 Deum:
189 2239 240 2272 non
258 2224 326 2288 quod
347 2225 493 2274 sufficientes
523 2240 622 2288 spuens,
647 2225 728 2288 tetigit
750 2225 861 2289 linguam
885 2226 944 2289 ejus,

64 2287 142 2336 simus
159 2287 267 2351 cogitare
277 2288 372 2354 aliquid
384 2305 400 2337 a
410 2290 490 2349 nobis,
523 2297 548 2338 et
567 2289 701 2353 suspiciens
718 2290 744 2338 in
761 2290 859 2348 coelum,
881 2289 948 2352 inge·

65 2350 137 2416 quasi
163 2367 194 2400 ex
219 2352 308 2401 nobis:
336 2353 380 2402 sed
405 2353 493 2402 suffici·
524 2354 593 2413 muit,
616 2361 641 2402 et
658 2357 693 2402 ait
710 2354 763 2402 illi:
786 2353 945 2418 Ephphetha,

64 2416 133 2464 entia
151 2421 237 2464 nostra
251 2432 282 2465 ex
302 2417 359 2466 Deo
375 2423 428 2466 est:
450 2418 494 2481 qui
524 2419 591 2482 quod
603 2424 639 2467 est
650 2419 782 2482 adaperire.
820 2418 853 2466 Et
864 2419 948 2466 statim

65 2486 91 2528 et
117 2479 222 2529 idoneos
249 2495 295 2530 nos
325 2481 382 2530 iecit
409 2483 493 2531 minis·
525 2490 616 2546 apertae
632 2492 688 2531 sunt
707 2498 777 2530 aures
794 2482 852 2544 ejus,
867 2490 892 2530 et
910 2498 948 2530 so·

65 2551 117 2592 tros
136 2544 196 2592 novi
215 2546 363 2605 testamenti,
385 2562 436 2596 non
455 2547 493 2596 lit·
524 2547 604 2595 lutum
630 2554 667 2595 est
699 2546 824 2595 vinculum
859 2546 949 2608 linguae

66 2615 126 2666 tera,
148 2607 193 2656 sed
210 2608 316 2683 spiritu:
332 2611 413 2659 littera
428 2611 494 2660 enim
525 2610 584 2673 ejuS,
603 2616 627 2659 et
645 2610 791 2674 loquebatur
806 2616 878 2658 recte.
916 2611 949 2658 Et

66 2671 165 2731 occidit,
195 2673 294 2736 spiritus
325 2682 408 2723 autem
434 2674 494 2723 vivi-
524 2678 640 2738 praecepit
659 2675 708 2723 illis
724 2689 755 2722 ne
774 2674 813 2722 cui
831 2673 945 2722 dicerent.

67 2735 131 2786 ficat.
186 2736 262 2799 Quod
293 2738 315 2786 si
347 2739 494 2787 ministratio
526 2738 626 2801 Quanto
637 2747 719 2787 autem
732 2738 766 2786 eis
781 2737 947 2800 praecipiebat,

67 2800 161 2861 mortis,
191 2800 279 2850 litteris
305 2802 442 2851 deformata
468 2802 495 2850 in
525 2801 750 2865 tantomagisplus
763 2801 948 2864 praedicabant:

67 2864 200 2929 lapidibus,
224 2865 270 2914 suit
292 2866 318 2914 in
339 2866 436 2929 gloria3
460 2867 496 2914 ita
526 2874 550 2915 et
573 2882 603 2915 eo
624 2865 730 2929 amplius
756 2864 946 2925 admirabantur,

67 2937 95 2976 ut
114 2944 166 2977 non
185 2936 286 2993 possent
304 2931 432 2979 intendere
450 2930 495 2979 filii
525 2931 645 2979 dicentes:
662 2930 729 2977 Bene
741 2929 824 2977 omnia
835 2929 909 2978 fecit:
926 2941 949 2977 et

69 2992 280 3042 lsra'elinfaciem
291 2995 381 3057 Moysi,
396 3003 497 3059 propter
527 2995 612 3042 surdos
629 2994 687 3042 secit
706 2993 797 3053 audire,
824 3000 848 3042 et
870 3002 950 3042 mutos

67 3056 173 3120 gloriam
191 3057 273 3107 vultus
290 3057 349 3121 ejus,
368 3074 424 3123 quae
440 3075 496 3108 eva·
527 3058 603 3122 loqui.

136 3129 181 3182 105
