2092 3450
336 152 470 209 &ttinatiu
486 152 700 223 iittshptuutuu.

74 304 172 371 multa,
182 302 299 373 operarii
307 311 401 357 autem
409 302 499 373 pauci
529 311 561 356 ut
572 302 660 356 vitam
676 301 809 368 habeant,
827 308 853 353 et
871 299 958 352 abun·

75 375 186 442 Rogate
194 389 259 442 ergo
269 373 422 427 Dominum
429 389 500 426 mes·
532 372 645 426 dantius
657 371 789 425 habeant.

74 444 124 510 sis,
145 452 177 496 ut
199 444 293 497 mittat
312 443 453 513 operarios
471 442 501 497 in
569 444 631 510 Ego
653 457 716 495 sum
736 442 836 493 Pastor
858 439 958 492 bonus.

73 529 197 568 messem
210 529 297 567 suam.
534 513 630 566 Bonus
640 513 739 564 Pastor
747 510 870 563 'animam
879 525 958 562 suam

533 583 582 635 dat
599 598 651 650 pro
663 581 762 635 ovibus
781 579 846 638 suis.
884 579 959 630 Mer·

72 666 131 716 rint
142 666 216 732 quod
226 662 496 732 sequitur,edecimo
534 652 662 705 cenarius
681 661 783 716 autem,
797 658 824 702 et
837 649 884 718 qui
902 664 959 700 110ss

99 736 222 802 capitulo
237 734 332 789 Sancti
347 733 471 801 Joannis.
534 731 576 775 est
597 730 711 801 pastor,
723 721 801 801 cujus
819 735 877 772 non
894 727 959 770 sunt

192 832 219 885 s·
231 832 311 900 Joan·
324 849 349 884 x·
366 823 387 884 1·
533 808 600 845 oves
619 808 747 860 propnae,
766 789 843 843 videt
863 788 959 856 lupum

532 861 700 927 venientem,
714 870 741 914 et
753 859 869 913 dimittit
882 873 957 923 oves,

72 925 501 1050 AMEN,amen,dicovobisz
533 940 561 984 et
584 931 673 999 sugit:
692 939 720 984 et
740 931 822 998 lupus
842 927 915 996 rapit
931 935 959 979 et

170 996 218 1066 qui
248 1013 305 1050 non
334 996 420 1050 intrat
453 1012 503 1064 per
533 1001 745 1070 dispergitoves.
769 997 959 1052 Mercenarius

74 1065 180 1121 ostium
197 1066 226 1119 in
245 1067 318 1119 ovile
335 1067 437 1132 ovium,
451 1065 501 1119 sed
532 1081 626 1124 autem
647 1070 726 1138 sugit,
748 1070 814 1138 quia
835 1083 959 1120 mercen-

74 1136 205 1190 ascendit
214 1136 334 1203 aliunde,
345 1136 390 1189 ille
399 1135 443 1188 fur
450 1144 501 1201 est,
532 1142 607 1194 arius
620 1150 671 1208 est,
683 1149 711 1193 et
723 1156 780 1192 non
792 1138 911 1207 pertinet
923 1136 959 1188 ad

74 1216 104 1260 et
115 1206 195 1259 latro.
234 1206 288 1274 Qui
305 1215 399 1259 autem
416 1206 502 1259 intrat
532 1227 596 1264 eum
617 1211 653 1263 de
671 1210 778 1262 ovibus.
815 1209 878 1275 Ego
898 1223 960 1259 sum

74 1276 500 1345 perostium,pastorestovium.
534 1282 634 1334 Pastor
651 1280 760 1333 bonus:
779 1286 806 1330 et
819 1292 959 1344 cognosco

76 1345 154 1399 Huic
184 1346 314 1398 ostiarius
344 1345 442 1414 aperit,
474 1354 502 1398 et
533 1367 599 1404 oves
623 1366 711 1417 meas,
735 1358 763 1401 et
787 1354 960 1415 cognoscunt

75 1431 144 1469 oves
155 1431 254 1469 vocem
266 1415 325 1484 ejus
337 1415 463 1480 audiunt,
476 1424 503 1467 et
533 1436 578 1473 me
599 1436 678 1472 meae.
716 1418 794 1471 Sicut
815 1417 893 1470 novit
914 1432 959 1468 me

73 1485 203 1566 proprias
223 1501 290 1538 oves
308 1493 391 1538 vocat
415 1484 504 1537 norni-
535 1491 625 1556 Pater,
639 1498 666 1542 et
684 1504 736 1556 ego
754 1502 877 1554 agnosco
897 1487 960 1538 Pat-

74 1563 174 1621 natim,
196 1564 224 1608 et
245 1555 338 1608 educit
359 1571 414 1608 eas.
457 1555 503 1620 Et,
533 1568 644 1612 rem:et
652 1559 876 1611 animammeam
885 1570 961 1624 pono

74 1641 142 1678 cum
153 1625 280 1694 proprias
293 1641 359 1678 oves
372 1623 502 1689 emiserit,
533 1646 584 1698 pro
603 1629 702 1681 ovibus
720 1627 799 1681 meis.
838 1627 876 1679 Et
890 1625 960 1677 alias

75 1704 144 1748 ante
173 1711 221 1748 eas
258 1695 356 1747 vadit:
375 1703 403 1748 et
436 1710 503 1747 oves
535 1715 601 1752 oves
621 1699 721 1764 habeo,
742 1713 805 1765 quae
817 1713 875 1749 non
895 1705 960 1748 sunt

74 1764 152 1818 iilum
166 1774 326 1833 sequuntur,
338 1765 404 1833 quia
413 1763 504 1816 sciunt
534 1785 568 1822 ex
576 1769 630 1821 hoc
638 1768 704 1820 ovili
716 1785 723 1820 z
742 1775 769 1820 et
782 1766 843 1819 illas
853 1774 961 1833 oportet

74 1850 174 1888 vocem
183 1835 249 1902 ejus.
272 1834 504 1887 Alienumautem
535 1855 581 1891 me
614 1837 761 1903 adducere,
799 1845 826 1888 et
863 1851 961 1887 vocem

74 1921 134 1957 non
152 1913 313 1974 sequuntur,
326 1903 376 1957 sed
393 1902 503 1971 fugiunt
534 1924 628 1961 meam
640 1906 762 1968 audient,
775 1914 803 1958 et
816 1905 862 1958 fiet
875 1920 961 1958 unum

75 1974 113 2026 ab
138 1990 191 2027 eo:
209 1974 276 2043 quia
293 1990 350 2026 non
369 1981 506 2026 noverunt
536 1978 616 2042 ovile,
629 1986 656 2030 et
668 1993 740 2030 unus
754 1976 861 2028 Pastor.

73 2043 342 2097 vocemalienorum.
371 2044 435 2096 Hoc
443 2059 506 2111 pro·
585 2084 590 2092 .
678 2085 686 2095 ,
712 2084 717 2092 .
847 2083 851 2091 .
901 2102 922 2114 ,ι

73 2113 203 2167 verbium
232 2114 301 2166 dixit
339 2113 378 2166 eis
414 2114 502 2177 Jesus¹
538 2083 649 2137 Deinde
664 2085 872 2161 Episcopusin
894 2084 960 2136 stdc

77 2183 231 2236 Issiautem
242 2198 346 2236 nonco
387 2190 503 2236 ovemm
571 2172 621 2206 sua
653 2155 763 2221 sedenS,
788 2154 959 2206 ordinandos

75 2253 145 2322 quid
163 2199 387 2322 loquereturegi}
426 2252 504 2304 Dixit
571 2225 663 2277 verbis
689 2224 871 2293 Sequentibiis
894 2224 960 2276 {illo-

77 2322 503 2390 ergoeisiterumJesus:Amen,
570 2304 680 2364 quatur·

77 2408 169 2458 amen,
182 2391 246 2445 dico
264 2392 353 2458 vobis,
367 2391 433 2461 quia
451 2407 503 2459 ego
590 2392 806 2457 UDIVISTIS,
841 2392 961 2454 Fratres,

76 2479 141 2515 sum
153 2462 256 2515 ostium
264 2461 365 2515 ovium.
397 2461 503 2514 Omnes
631 2463 732 2515 tamin
744 2462 854 2530 privato
872 2461 958 2513 vestri

77 2540 215 2601 quotquot
250 2539 393 2596 venerunt,
430 2530 503 2583 fures
536 2532 671 2598 examine,
685 2548 770 2601 quam
788 2531 816 2582 in
836 2531 961 2582 exhorta-

77 2610 152 2666 sunt,
182 2609 210 2654 et
239 2600 370 2666 latrones,
396 2609 423 2653 et
446 2616 503 2653 non
535 2602 611 2656 tione
616 2603 676 2671 jam
687 2617 762 2654 nunc
772 2600 867 2653 advos
876 2599 960 2663 facta,

77 2671 227 2725 audierunt
251 2688 299 2724 eos
329 2687 403 2724 oves.
441 2671 504 2738 Ego
537 2681 564 2725 et
583 2673 613 2725 in
633 2672 719 2724 sacris
739 2669 905 2723 lectionibus
929 2685 961 2720 ex

77 2758 141 2795 sum
149 2741 258 2793 ostium.
297 2742 349 2794 Per
356 2757 401 2793 me
411 2739 434 2793 si
442 2740 504 2809 quis
537 2741 692 2809 Evangelio
705 2749 731 2792 et
744 2739 855 2806 scriptis
871 2740 961 2807 Apos-

77 2810 222 2876 introierit‚
235 2810 405 2863 salvabitur:
424 2819 451 2862 et
463 2810 504 2862 in·
535 2812 656 2865 tolorum
677 2809 840 2876 desumptis,
857 2818 963 2877 quanta

77 2880 226 2950 gredietur,
248 2888 276 2933 et
294 2880 457 2947 egredietur,
476 2888 504 2932 et
537 2880 711 2947 sitdignitas,
719 2887 824 2946 quanta
831 2878 962 2945 gravitas,

78 2967 185 3021 pascua
205 2949 334 3003 inveniet
372 2949 429 3002 Fur
447 2966 504 3002 non
538 2948 963 3016 istiusmunerisadquamvoca-

77 3020 164 3087 venit,
194 3020 248 3072 nisi
277 3029 308 3073 ut
337 3018 449 3084 furetur,
478 3027 506 3071 et
538 3019 615 3072 mini.
662 3020 745 3071 Nunc
758 3027 851 3071 autem
863 3018 963 3072 iterum

77 3090 338 3159 mactet,etperdat.
364 3088 505 3157 Egoveni‚
538 3090 682 3142 hortamur
704 3104 764 3156 vos,
787 3087 818 3140 in
842 3088 971 3141 Nomine

143 3171 189 3222 341
