2092 3450
73 179 138 227 Dies
154 180 213 227 Vis.
466 178 577 244 serotini.
835 184 881 230 ‚rr
898 185 962 245 resp.

72 342 160 392 dicant
192 357 296 406 semper,
329 339 503 405 Magnificetur
532 340 582 390 biae
600 357 607 391 a
624 347 649 391 et
659 356 746 391 manus
760 341 896 405 peccatoris
906 357 958 391 non

73 407 208 466 Dominus,
233 406 276 471 qui
301 405 388 456 volunt
415 421 502 470 pacem
533 412 688 455 moveatme

73 471 138 520 servi
149 470 210 520 e'us.
566 470 605 518 Ibi
617 470 755 518 ceciderunt
767 468 809 534 qui
824 475 958 533 operantur

105 535 140 584 Et
173 535 249 598 ingua
269 549 326 583 mea
344 533 503 584 meditabitur
531 532 687 598 iniquitatem
705 550 711 584 :
729 533 823 598 expulsi
833 540 897 594 sunt,
911 549 957 583 nec

73 599 195 710 {iustitiam
211 606 280 648 tuam
297 616 304 649 ε
322 606 374 648 tota
390 599 432 648 die
450 599 501 647 lau·
532 605 664 662 potuerunt
674 605 745 648 stare.

91 678 132 713 em
144 671 223 712 tuam.

156 816 287 865 Psnuuvs
303 815 423 866 XXXVI·
565 836 631 881 Drns
646 836 704 882 t'lt.
746 832 783 888 dl
796 833 924 900 iltsottis,

143 915 222 965 IXIT
230 916 333 979 injustus
341 916 502 981 utdelinquat

176 980 203 1029 in
218 981 352 1044 semetipso
371 999 378 1030 a
397 997 448 1030 non
465 992 501 1031 est
601 983 730 1031 PSALMus
746 980 881 1032 XXXVII.

76 1044 150 1093 timor
160 1044 211 1093 Dei
222 1053 280 1093 ante
290 1045 374 1094 oculos
385 1044 444 1108 ejus

107 1108 235 1171 Quoniam
246 1108 332 1158 dolose
343 1110 393 1173 egit
406 1110 432 1158 in
443 1125 501 1158 con·
605 1110 666 1160 OLI
674 1109 784 1159 aemulari
791 1109 956 1173 inmalignan·

75 1180 161 1237 spectu
171 1172 225 1246 ejus
244 1189 251 1223 a
267 1180 295 1222 ut
308 1181 446 1222 invematur
456 1190 501 1222 mr·
547 1184 566 1231 χ
637 1175 703 1223 tibus
723 1192 730 1223 r
747 1190 828 1238 neque
842 1174 958 1223 zelaveris

76 1237 156 1301 quitas
167 1252 220 1299 eJus
232 1236 263 1285 ad
277 1237 369 1287 odium.
532 1238 648 1288 facientes
659 1239 820 1303 iniquitatem

107 1301 194 1350 Verba
209 1302 258 1350 oris
274 1301 327 1365 ejus
344 1301 460 1366 iniquitas
477 1310 502 1351 et
565 1303 690 1366 Quoniam
717 1311 836 1367 tanquam
863 1302 957 1351 foenum

76 1365 148 1414 dolus
173 1381 181 1414 a
205 1365 285 1415 noluit
312 1365 448 1430 intelligere
474 1374 502 1415 ut
532 1367 649 1416 velociter
659 1375 767 1416 arescent
786 1375 830 1416 :et
840 1367 957 1430 quemad·

76 1430 241 1493 beneageret
532 1432 635 1480 modum
660 1431 728 1480 olera
752 1431 884 1480 herbarum
907 1431 957 1480 cito

108 1493 269 1559 Iniquitatem
280 1493 412 1543 meditatus
423 1500 460 1543 est
475 1494 502 1543 in
533 1496 653 1545 decident.

75 1558 151 1607 cubili
168 1574 214 1607 suo
234 1574 241 1608 r
257 1559 352 1608 adstitit
371 1559 439 1608 omni
454 1559 502 1608 viae
566 1561 644 1623 Spera
654 1560 680 1608 in
694 1559 813 1618 Domino,
828 1558 902 1608 etiae
913 1559 957 1607 bo·

76 1638 126 1671 non
134 1623 502 1684 bonae5nralitiamaute1nnon
532 1624 635 1673 nitatem
657 1642 664 1673 a
684 1632 709 1673 et
728 1623 839 1672 inhabita
857 1632 955 1681 terram,

76 1687 177 1736 audivit
533 1697 557 1737 et
568 1688 674 1752 pasceris
685 1689 711 1736 in
722 1688 814 1736 divitiis
825 1686 883 1749 ejus.

107 1751 226 1810 Domine,
234 1751 260 1800 in
268 1751 503 1801 coelomisericordia
565 1753 695 1801 Delectare
722 1753 747 1800 in
769 1752 880 1800 Domino
905 1768 912 1799 a
934 1758 959 1799 et

76 1823 118 1863 tua
141 1833 148 1864 ε
168 1821 193 1864 et
209 1817 299 1865 veritas
317 1823 360 1864 tua
375 1831 454 1880 usque
469 1816 502 1864 ad
532 1817 602 1866 dabit
634 1817 680 1866 tibi
712 1816 843 1880 petitiones
878 1815 958 1864 cordis

76 1881 161 1928 nubes
533 1881 575 1929 tui.

106 1943 209 2006 Justitia
238 1950 281 1992 tua
311 1943 375 1993 siout
405 1951 502 1993 montes
566 1944 659 1994 Revela
670 1943 780 1992 Domino
791 1942 857 1992 viam
868 1948 958 1992 tuam:

76 2007 125 2056 Dei
138 2025 145 2056 a
153 2006 249 2071 judicia
255 2015 298 2058 tua
306 2009 406 2072 abyssus
412 2009 497 2057 multa
533 2017 557 2058 et
568 2025 639 2073 spera
650 2009 676 2056 in
687 2024 724 2069 eo,
739 2015 763 2056 et
774 2008 827 2071 ipse
838 2007 917 2056 saciet.

109 2072 234 2120 Homines
241 2079 265 2120 et
269 2071 498 2136 jumentasalvabis‚
565 2074 597 2122 Et
609 2073 697 2122 educet
708 2072 777 2136 quasi
791 2072 875 2121 lumen
888 2070 958 2133 justi·

77 2136 187 2185 Domine
201 2137 428 2200 :quemadmodum
438 2137 501 2185 mul·
533 2138 593 2186 tiam
609 2145 685 2197 tuam,
705 2145 729 2186 et
748 2136 869 2198 judicium
889 2142 958 2183 tuum

75 2201 193 2264 tiplicasti
212 2201 404 2250 misericordiam
423 2210 498 2260 tuam,
533 2211 650 2266 tanquam
672 2201 800 2250 meridiem
821 2217 827 2248 ε
847 2200 959 2248 subditus

76 2265 153 2313 Deus.
534 2275 586 2316 esto
598 2266 715 2324 Domino,
729 2274 754 2313 et
765 2280 808 2313 ora
819 2279 882 2312 eum.

108 2328 169 2378 Filii
190 2336 273 2377 autern
295 2328 424 2378 hominurn
447 2347 454 2378 z
476 2329 503 2378 in
565 2330 627 2379 Noli
637 2329 747 2378 aemulari
758 2329 784 2377 in
796 2345 825 2377 eo
836 2328 879 2392 qui
890 2343 958 2392 pros·

75 2393 185 2456 tegmine
202 2392 295 2441 alanum
312 2401 408 2442 tuarum
420 2409 502 2457 spera·
533 2403 632 2506 Feratur
647 2394 674 2442 in
690 2395 730 2442 via
746 2409 790 2442 sua
802 2411 808 2442 :
820 2393 846 2441 in
858 2392 959 2441 homine

75 2458 143 2505 bunt
543 2459 637 2509 aciente
648 2458 785 2520 injustitias.

108 2520 303 2570 inebriabuntur
329 2522 361 2571 ab
392 2522 503 2570 ubertate
566 2523 659 2571 Desine
670 2522 702 2570 ab
718 2523 761 2580 ira,
776 2528 800 2570 et
817 2519 959 2582 derelinque

75 2585 165 2635 domus
176 2592 226 2635 tuae
241 2603 248 2635 a
262 2593 287 2635 et
298 2593 405 2635 torrente
416 2586 503 2650 volup·
533 2586 639 2636 furorem
654 2587 724 2636 :noli
740 2585 849 2634 aemulari
864 2592 892 2632 ut
907 2599 959 2631 ma·

76 2651 134 2698 tatis
145 2650 305 2714 tuaepotabis
316 2666 365 2700 eos.
533 2651 639 2715 ligneris.

108 2712 237 2777 Quoniam
255 2715 322 2778 apud
344 2723 368 2763 te
387 2723 424 2764 est
447 2714 502 2764 sons
567 2716 691 2778 Quoniam
716 2714 758 2778 qui
784 2712 956 2774 malignantur,

76 2779 133 2827 vitae
154 2796 161 2827 a
180 2786 206 2827 et
221 2779 248 2827 in
264 2779 357 2828 lumine
372 2785 418 2828 auo
434 2779 501 2828 vide·
534 2780 759 2828 exterminabuntur
783 2795 790 2826 e
814 2775 959 2824 sustinentes

75 2842 158 2892 bimus
168 2842 260 2891 lumen.
534 2853 615 2893 autern
633 2844 777 2901 Dominum,
793 2840 840 2905 ipsi
856 2839 959 2888 haeredi·

103 2907 501 2957 Praetendemisen'cordiamtuam
534 2909 621 2958 tabunt
633 2916 729 2957 terram.

76 2971 210 3020 scientibus
220 2980 245 3037 te
259 2979 299 3021 ret
305 2972 425 3035 justitiam
434 2979 502 3021 tuam
567 2974 601 3021 Et
619 2973 699 3020 adhuc
718 2969 843 3034 pusillum,
865 2975 890 3019 et
908 2984 958 3018 non

77 3036 114 3083 lris
126 3036 169 3099 qui
179 3043 247 3085 recto
258 3045 314 3085 sunt
326 3037 406 3086 corde.
534 3038 579 3086 erit
590 3044 703 3100 peccator
715 3052 721 3083 ε
732 3043 757 3083 et
768 3049 862 3110 quaeres
876 3033 958 3084 locum

108 3099 170 3148 Non
181 3100 264 3151 veniat
280 3100 341 3149 mihi
358 3117 401 3165 pes
418 3117 501 3167 super·
533 3101 593 3166 ejus,
608 3109 632 3150 et
642 3115 694 3150 non
703 3099 825 3152 inuenies.

142 3174 190 3225 237
219 3208 222 3213 .
